id,price,qty,quoteQty,time,isBuyerMaker,isBestMatch
3521398334,69291.76000000,0.02151000,1490.46575760,1711734936305,False,True
3521398335,69291.75000000,0.00180000,124.72515000,1711734936318,True,True
3521398336,69291.75000000,0.00060000,41.57505000,1711734936322,True,True
3521398337,69291.75000000,0.02987000,2069.74457250,1711734936512,True,True
3521398338,69291.76000000,0.00014000,9.70084640,1711734936633,False,True
3521398339,69291.75000000,0.00144000,99.78012000,1711734936856,True,True
3521398340,69291.75000000,0.00321000,222.42651750,1711734936916,True,True
3521398341,69291.76000000,0.09089000,6297.92806640,1711734936944,False,True
3521398342,69291.75000000,0.01709000,1184.19600750,1711734937005,True,True
3521398343,69291.75000000,0.00479000,331.90748250,1711734937212,True,True
3521398344,69291.76000000,0.00231000,160.06396560,1711734937407,False,True
3521398345,69291.76000000,0.00471000,326.36418960,1711734937491,False,True
3521398346,69291.76000000,0.00014000,9.70084640,1711734937976,False,True
3521398347,69291.76000000,0.00321000,222.42654960,1711734938124,False,True
3521398348,69291.76000000,0.02141000,1483.53658160,1711734938242,False,True
3521398349,69291.76000000,0.01261000,873.76909360,1711734938242,False,True
3521398350,69291.76000000,0.00022000,15.24418720,1711734938293,False,True
3521398351,69291.75000000,0.00064000,44.34672000,1711734938752,True,True
3521398352,69291.76000000,0.00058000,40.18922080,1711734938933,False,True
3521398353,69291.76000000,0.02887000,2000.45311120,1711734939126,False,True
3521398354,69291.75000000,0.00321000,222.42651750,1711734939128,True,True
3521398355,69291.75000000,0.00072000,49.89006000,1711734939539,True,True
3521398356,69291.76000000,0.00206000,142.74102560,1711734939782,False,True
3521398357,69291.76000000,0.00320000,221.73363200,1711734940071,False,True
3521398358,69291.75000000,0.00709000,491.27850750,1711734940148,True,True
3521398359,69291.76000000,0.00043000,29.79545680,1711734940451,False,True
3521398360,69291.76000000,0.00030000,20.78752800,1711734941097,False,True
3521398361,69291.75000000,0.00012000,8.31501000,1711734941429,True,True
3521398362,69291.76000000,0.00758000,525.23154080,1711734941454,False,True
3521398363,69291.76000000,0.00011000,7.62209360,1711734941627,False,True
3521398364,69291.75000000,0.00319000,221.04068250,1711734941751,True,True
3521398365,69291.75000000,0.00130000,90.07927500,1711734942013,True,True
3521398366,69291.76000000,0.00319000,221.04071440,1711734942672,False,True
3521398367,69291.76000000,0.00326000,225.89113760,1711734942673,False,True
3521398368,69291.75000000,0.00072000,49.89006000,1711734942940,True,True
3521398369,69291.76000000,0.00045000,31.18129200,1711734943167,False,True
3521398370,69291.76000000,0.00018000,12.47251680,1711734943851,False,True
3521398371,69291.76000000,0.00073000,50.58298480,1711734943875,False,True
3521398372,69291.75000000,0.00319000,221.04068250,1711734943951,True,True
3521398373,69291.76000000,0.00319000,221.04071440,1711734945095,False,True
3521398374,69291.76000000,0.02000000,1385.83520000,1711734945402,False,True
3521398375,69291.76000000,0.00860000,595.90913600,1711734945420,False,True
3521398376,69291.75000000,0.01500000,1039.37625000,1711734945939,True,True
3521398377,69291.75000000,0.00319000,221.04068250,1711734946259,True,True
3521398378,69291.76000000,0.00135000,93.54387600,1711734946463,False,True
3521398379,69291.75000000,0.00095000,65.82716250,1711734946528,True,True
3521398380,69291.76000000,0.00135000,93.54387600,1711734946571,False,True
3521398381,69291.76000000,0.00135000,93.54387600,1711734946682,False,True
3521398382,69291.76000000,0.00500000,346.45880000,1711734947216,False,True
3521398383,69291.76000000,0.01285000,890.39911600,1711734947286,False,True
3521398384,69291.76000000,0.00170000,117.79599200,1711734947310,False,True
3521398385,69291.76000000,0.00318000,220.34779680,1711734947382,False,True
3521398386,69291.76000000,0.06386000,4424.97179360,1711734947683,False,True
3521398387,69291.76000000,0.06489000,4496.34230640,1711734947683,False,True
3521398388,69291.75000000,0.00207000,143.43392250,1711734947727,True,True
3521398389,69291.76000000,0.00574000,397.73470240,1711734948352,False,True
3521398390,69291.76000000,0.00298000,206.48944480,1711734948352,False,True
3521398391,69291.75000000,0.00024000,16.63002000,1711734948506,True,True
3521398392,69291.75000000,0.00317000,219.65484750,1711734948522,True,True
3521398393,69291.75000000,0.00027000,18.70877250,1711734948560,True,True
3521398394,69291.76000000,0.00083000,57.51216080,1711734948685,False,True
3521398395,69291.76000000,0.00149000,103.24472240,1711734948911,False,True
3521398396,69291.75000000,0.00581000,402.58506750,1711734948916,True,True
3521398397,69291.75000000,0.00637000,441.38844750,1711734949407,True,True
3521398398,69291.75000000,0.00782000,541.86148500,1711734949407,True,True
3521398399,69291.76000000,0.03770000,2612.29935200,1711734949510,False,True
3521398400,69291.76000000,0.00317000,219.65487920,1711734949676,False,True
3521398401,69291.75000000,0.06281000,4352.21481750,1711734949967,True,True
3521398402,69291.75000000,0.00144000,99.78012000,1711734949967,True,True
3521398403,69291.75000000,0.00022000,15.24418500,1711734949967,True,True
3521398404,69291.75000000,0.00999000,692.22458250,1711734949967,True,True
3521398405,69291.75000000,0.00102000,70.67758500,1711734949967,True,True
3521398406,69291.75000000,0.00011000,7.62209250,1711734949967,True,True
3521398407,69291.75000000,0.00618000,428.22301500,1711734949967,True,True
3521398408,69291.76000000,0.00093000,64.44133680,1711734950789,False,True
3521398409,69291.75000000,0.00317000,219.65484750,1711734950796,True,True
3521398410,69291.75000000,0.00248000,171.84354000,1711734951392,True,True
3521398411,69291.76000000,0.00778000,539.08989280,1711734951546,False,True
3521398412,69291.76000000,0.00008000,5.54334080,1711734951656,False,True
3521398413,69291.76000000,0.01567000,1085.80187920,1711734951720,False,True
3521398414,69291.76000000,0.07127000,4938.42373520,1711734951720,False,True
3521398415,69291.76000000,0.07063000,4894.07700880,1711734951720,False,True
3521398416,69291.76000000,0.07063000,4894.07700880,1711734951720,False,True
3521398417,69291.76000000,0.00035000,24.25211600,1711734951720,False,True
3521398418,69291.76000000,0.00035000,24.25211600,1711734951720,False,True
3521398419,69291.76000000,0.07317000,5070.07807920,1711734951720,False,True
3521398420,69291.76000000,0.69793000,48360.79805680,1711734951720,False,True
3521398421,69291.76000000,0.00317000,219.65487920,1711734951815,False,True
3521398422,69291.76000000,0.00067000,46.42547920,1711734952764,False,True
3521398423,69291.75000000,0.00858000,594.52321500,1711734953004,True,True
3521398424,69291.75000000,0.00317000,219.65484750,1711734953247,True,True
3521398425,69291.76000000,0.00288000,199.56026880,1711734953426,False,True
3521398426,69291.75000000,0.00225000,155.90643750,1711734953589,True,True
3521398427,69291.75000000,0.00025000,17.32293750,1711734954505,True,True
3521398428,69291.76000000,0.00316000,218.96196160,1711734954529,False,True
3521398429,69291.75000000,0.00018000,12.47251500,1711734954545,True,True
3521398430,69291.75000000,0.00063000,43.65380250,1711734954674,True,True
3521398431,69291.75000000,0.00096000,66.52008000,1711734955173,True,True
3521398432,69291.75000000,0.00676000,468.41223000,1711734955251,True,True
3521398433,69291.76000000,0.00014000,9.70084640,1711734955500,False,True
3521398434,69291.75000000,0.00662000,458.71138500,1711734955502,True,True
3521398435,69291.76000000,0.00135000,93.54387600,1711734955570,False,True
3521398436,69291.76000000,0.00135000,93.54387600,1711734955671,False,True
3521398437,69291.76000000,0.00019000,13.16543440,1711734955706,False,True
3521398438,69291.76000000,0.00135000,93.54387600,1711734955780,False,True
3521398439,69291.75000000,0.00067000,46.42547250,1711734955885,True,True
3521398440,69291.76000000,0.00135000,93.54387600,1711734955980,False,True
3521398441,69291.75000000,0.00315000,218.26901250,1711734956107,True,True
3521398442,69291.76000000,0.00014000,9.70084640,1711734956424,False,True
3521398443,69291.76000000,0.02822000,1955.41346720,1711734957032,False,True
3521398444,69291.76000000,0.00315000,218.26904400,1711734957055,False,True
3521398445,69291.75000000,0.00080000,55.43340000,1711734957401,True,True
3521398446,69291.76000000,0.00028000,19.40169280,1711734957474,False,True
3521398447,69291.76000000,0.00029000,20.09461040,1711734957546,False,True
3521398448,69291.76000000,0.00444000,307.65541440,1711734957572,False,True
3521398449,69291.76000000,0.00136000,94.23679360,1711734957999,False,True
3521398450,69291.75000000,0.00400000,277.16700000,1711734958173,True,True
3521398451,69291.75000000,0.00315000,218.26901250,1711734958201,True,True
3521398452,69291.76000000,0.00135000,93.54387600,1711734958574,False,True
3521398453,69291.76000000,0.00011000,7.62209360,1711734958675,False,True
3521398454,69291.76000000,0.00084000,58.20507840,1711734958715,False,True
3521398455,69291.76000000,0.00764000,529.38904640,1711734958847,False,True
3521398456,69291.76000000,0.00315000,218.26904400,1711734959273,False,True
3521398457,69291.75000000,0.00043000,29.79545250,1711734959491,True,True
3521398458,69291.76000000,0.00078000,54.04757280,1711734959941,False,True
3521398459,69291.75000000,0.00031000,21.48044250,1711734959946,True,True
3521398460,69291.76000000,0.00142000,98.39429920,1711734959952,False,True
3521398461,69291.75000000,0.00040000,27.71670000,1711734959959,True,True
3521398462,69291.75000000,0.00068000,47.11839000,1711734959959,True,True
3521398463,69291.76000000,0.00150000,103.93764000,1711734959960,False,True
3521398464,69291.75000000,0.00037000,25.63794750,1711734959960,True,True
3521398465,69291.75000000,0.00044000,30.48837000,1711734959966,True,True
3521398466,69291.76000000,0.00135000,93.54387600,1711734959969,False,True
3521398467,69291.75000000,0.00021000,14.55126750,1711734959970,True,True
3521398468,69291.75000000,0.00071000,49.19714250,1711734959974,True,True
3521398469,69291.76000000,0.00104000,72.06343040,1711734959975,False,True
3521398470,69291.76000000,0.00025000,17.32294000,1711734959976,False,True
3521398471,69291.75000000,0.00037000,25.63794750,1711734959979,True,True
3521398472,69291.76000000,0.00066000,45.73256160,1711734959980,False,True
3521398473,69291.75000000,0.00125000,86.61468750,1711734959980,True,True
3521398474,69291.75000000,0.00157000,108.78804750,1711734959980,True,True
3521398475,69291.76000000,0.00142000,98.39429920,1711734959981,False,True
3521398476,69291.75000000,0.00062000,42.96088500,1711734959981,True,True
3521398477,69291.75000000,0.00137000,94.92969750,1711734959981,True,True
3521398478,69291.75000000,0.00065000,45.03963750,1711734959983,True,True
3521398479,69291.75000000,0.00115000,79.68551250,1711734959984,True,True
3521398480,69291.76000000,0.00129000,89.38637040,1711734959985,False,True
3521398481,69291.75000000,0.00058000,40.18921500,1711734959985,True,True
3521398482,69291.76000000,0.00113000,78.29968880,1711734959989,False,True
3521398483,69291.76000000,0.00123000,85.22886480,1711734959990,False,True
3521398484,69291.76000000,0.00025000,17.32294000,1711734959990,False,True
3521398485,69291.76000000,0.00132000,91.46512320,1711734959992,False,True
3521398486,69291.75000000,0.00117000,81.07134750,1711734959995,True,True
3521398487,69291.75000000,0.00021000,14.55126750,1711734959995,True,True
3521398488,69291.76000000,0.00019000,13.16543440,1711734959996,False,True
3521398489,69291.76000000,0.00095000,65.82717200,1711734960001,False,True
3521398490,69291.75000000,0.00101000,69.98466750,1711734960001,True,True
3521398491,69291.76000000,0.00020000,13.85835200,1711734960003,False,True
3521398492,69291.76000000,0.00091000,63.05550160,1711734960004,False,True
3521398493,69291.75000000,0.00045000,31.18128750,1711734960005,True,True
3521398494,69291.75000000,0.00050000,34.64587500,1711734960006,True,True
3521398495,69291.76000000,0.00150000,103.93764000,1711734960006,False,True
3521398496,69291.75000000,0.00088000,60.97674000,1711734960006,True,True
3521398497,69291.76000000,0.00054000,37.41755040,1711734960006,False,True
3521398498,69291.76000000,0.00088000,60.97674880,1711734960007,False,True
3521398499,69291.75000000,0.00027000,18.70877250,1711734960008,True,True
3521398500,69291.76000000,0.00096000,66.52008960,1711734960008,False,True
3521398501,69291.75000000,0.00143000,99.08720250,1711734960011,True,True
3521398502,69291.76000000,0.00062000,42.96089120,1711734960013,False,True
3521398503,69291.76000000,0.00125000,86.61470000,1711734960013,False,True
3521398504,69291.75000000,0.00120000,83.15010000,1711734960013,True,True
3521398505,69291.75000000,0.00120000,83.15010000,1711734960015,True,True
3521398506,69291.76000000,0.00061000,42.26797360,1711734960016,False,True
3521398507,69291.76000000,0.00153000,106.01639280,1711734960017,False,True
3521398508,69291.75000000,0.00111000,76.91384250,1711734960019,True,True
3521398509,69291.76000000,0.01443000,999.88009680,1711734960252,False,True
3521398510,69291.76000000,0.00013000,9.00792880,1711734960255,False,True
3521398511,69291.75000000,0.00012000,8.31501000,1711734960261,True,True
3521398512,69291.76000000,0.00008000,5.54334080,1711734960366,False,True
3521398513,69291.76000000,0.00089000,61.66966640,1711734960693,False,True
3521398514,69291.75000000,0.00043000,29.79545250,1711734960812,True,True
3521398515,69291.76000000,0.00010000,6.92917600,1711734960868,False,True
3521398516,69291.75000000,0.00023000,15.93710250,1711734961054,True,True
3521398517,69291.76000000,0.00031000,21.48044560,1711734961214,False,True
3521398518,69291.75000000,0.00008000,5.54334000,1711734961367,True,True
3521398519,69291.75000000,0.00315000,218.26901250,1711734961398,True,True
3521398520,69291.75000000,0.00012000,8.31501000,1711734962077,True,True
3521398521,69291.76000000,0.00314000,217.57612640,1711734962337,False,True
3521398522,69291.75000000,0.06534000,4527.52294500,1711734962554,True,True
3521398523,69291.76000000,0.00011000,7.62209360,1711734962602,False,True
3521398524,69291.75000000,0.00011000,7.62209250,1711734962897,True,True
3521398525,69291.76000000,0.00226000,156.59937760,1711734963147,False,True
3521398526,69291.75000000,0.00313000,216.88317750,1711734963366,True,True
3521398527,69291.76000000,0.00192000,133.04017920,1711734963784,False,True
3521398528,69291.76000000,0.02349000,1627.66344240,1711734963858,False,True
3521398529,69291.75000000,0.00023000,15.93710250,1711734964046,True,True
3521398530,69291.76000000,0.00313000,216.88320880,1711734964409,False,True
3521398531,69291.75000000,0.00072000,49.89006000,1711734964468,True,True
3521398532,69291.75000000,0.00053000,36.72462750,1711734964739,True,True
3521398533,69291.76000000,0.00135000,93.54387600,1711734964876,False,True
3521398534,69291.75000000,0.00023000,15.93710250,1711734964939,True,True
3521398535,69291.76000000,0.00193000,133.73309680,1711734965144,False,True
3521398536,69291.76000000,0.00216000,149.67020160,1711734965372,False,True
3521398537,69291.75000000,0.00034000,23.55919500,1711734965455,True,True
3521398538,69291.75000000,0.00279000,193.32398250,1711734965455,True,True
3521398539,69291.75000000,0.00020000,13.85835000,1711734965526,True,True
3521398540,69291.75000000,0.00012000,8.31501000,1711734965768,True,True
3521398541,69291.76000000,0.00313000,216.88320880,1711734966478,False,True
3521398542,69291.76000000,0.00109000,75.52801840,1711734966644,False,True
3521398543,69291.75000000,0.00008000,5.54334000,1711734966754,True,True
3521398544,69291.75000000,0.00116000,80.37843000,1711734967106,True,True
3521398545,69291.76000000,0.00058000,40.18922080,1711734967271,False,True
3521398546,69291.75000000,0.00313000,216.88317750,1711734967655,True,True
3521398547,69291.75000000,0.00753000,521.76687750,1711734967689,True,True
3521398548,69291.76000000,0.00144000,99.78013440,1711734967698,False,True
3521398549,69291.75000000,0.05626000,3898.35385500,1711734967969,True,True
3521398550,69291.75000000,0.06286000,4355.67940500,1711734967969,True,True
3521398551,69291.75000000,0.00379000,262.61573250,1711734967969,True,True
3521398552,69291.75000000,0.05975000,4140.18206250,1711734967969,True,True
3521398553,69291.75000000,0.00637000,441.38844750,1711734967969,True,True
3521398554,69291.75000000,0.07063000,4894.07630250,1711734967969,True,True
3521398555,69291.75000000,0.11000000,7622.09250000,1711734967969,True,True
3521398556,69291.75000000,0.10000000,6929.17500000,1711734967969,True,True
3521398557,69291.75000000,0.07355000,5096.40821250,1711734967969,True,True
3521398558,69291.75000000,0.00115000,79.68551250,1711734967969,True,True
3521398559,69291.75000000,0.00999000,692.22458250,1711734967969,True,True
3521398560,69291.75000000,0.01905000,1320.00783750,1711734967969,True,True
3521398561,69291.76000000,0.00135000,93.54387600,1711734967973,False,True
3521398562,69291.75000000,0.12526000,8679.48460500,1711734967974,True,True
3521398563,69291.75000000,0.07063000,4894.07630250,1711734967974,True,True
3521398564,69291.72000000,0.01770000,1226.46344400,1711734967974,True,True
3521398565,69291.72000000,0.02250000,1559.06370000,1711734967974,True,True
3521398566,69291.71000000,0.02250000,1559.06347500,1711734967974,True,True
3521398567,69291.69000000,0.02250000,1559.06302500,1711734967974,True,True
3521398568,69291.12000000,0.00009000,6.23620080,1711734967974,True,True
3521398569,69290.70000000,0.00009000,6.23616300,1711734967977,True,True
3521398570,69290.28000000,0.00009000,6.23612520,1711734967979,True,True
3521398571,69289.86000000,0.00009000,6.23608740,1711734967979,True,True
3521398572,69289.44000000,0.00009000,6.23604960,1711734967979,True,True
3521398573,69289.02000000,0.00009000,6.23601180,1711734967979,True,True
3521398574,69288.80000000,0.14427000,9996.29517600,1711734967979,True,True
3521398575,69288.60000000,0.00009000,6.23597400,1711734967979,True,True
3521398576,69288.20000000,0.05049000,3498.36121800,1711734967979,True,True
3521398577,69288.19000000,0.00037000,25.63663030,1711734967979,True,True
3521398578,69288.18000000,0.00009000,6.23593620,1711734967979,True,True
3521398579,69287.76000000,0.00009000,6.23589840,1711734967979,True,True
3521398580,69287.34000000,0.00009000,6.23586060,1711734967979,True,True
3521398581,69287.03000000,0.00442000,306.24867260,1711734967979,True,True
3521398582,69286.92000000,0.00009000,6.23582280,1711734968018,True,True
3521398583,69286.51000000,0.00263000,182.22352130,1711734968018,True,True
3521398584,69286.51000000,0.00008000,5.54292080,1711734968084,True,True
3521398585,69286.51000000,0.00637000,441.35506870,1711734968084,True,True
3521398586,69286.50000000,0.00009000,6.23578500,1711734968084,True,True
3521398587,69286.08000000,0.00009000,6.23574720,1711734968084,True,True
3521398588,69286.00000000,0.00109000,75.52174000,1711734968084,True,True
3521398589,69285.99000000,0.00240000,166.28637600,1711734968084,True,True
3521398590,69285.66000000,0.00229000,158.66416140,1711734968084,True,True
3521398591,69285.66000000,0.00009000,6.23570940,1711734968084,True,True
3521398592,69285.24000000,0.00009000,6.23567160,1711734968084,True,True
3521398593,69284.83000000,0.00064000,44.34229120,1711734968292,False,True
3521398594,69284.83000000,0.00010000,6.92848300,1711734968313,False,True
3521398595,69284.82000000,0.00009000,6.23563380,1711734968392,True,True
3521398596,69284.82000000,0.00103000,71.36336460,1711734968392,True,True
3521398597,69284.82000000,0.00020000,13.85696400,1711734968397,True,True
3521398598,69284.83000000,0.00556000,385.22365480,1711734968678,False,True
3521398599,69284.83000000,0.00888000,615.24929040,1711734968678,False,True
3521398600,69284.82000000,0.08170000,5660.56979400,1711734968807,True,True
3521398601,69284.82000000,0.38623000,26759.87602860,1711734968815,True,True
3521398602,69284.82000000,0.00637000,441.34430340,1711734968815,True,True
3521398603,69284.40000000,0.00009000,6.23559600,1711734968815,True,True
3521398604,69283.98000000,0.00009000,6.23555820,1711734968817,True,True
3521398605,69283.56000000,0.00009000,6.23552040,1711734968817,True,True
3521398606,69283.14000000,0.00009000,6.23548260,1711734968817,True,True
3521398607,69282.72000000,0.00009000,6.23544480,1711734968817,True,True
3521398608,69282.30000000,0.00009000,6.23540700,1711734968817,True,True
3521398609,69281.88000000,0.00009000,6.23536920,1711734968817,True,True
3521398610,69281.46000000,0.00009000,6.23533140,1711734968817,True,True
3521398611,69281.04000000,0.00009000,6.23529360,1711734968817,True,True
3521398612,69280.62000000,0.00009000,6.23525580,1711734968817,True,True
3521398613,69280.29000000,0.00221000,153.10944090,1711734968817,True,True
3521398614,69280.20000000,0.00009000,6.23521800,1711734968817,True,True
3521398615,69280.01000000,0.00008000,5.54240080,1711734968839,False,True
3521398616,69280.01000000,0.00014000,9.69920140,1711734968946,False,True
3521398617,69280.01000000,0.00008000,5.54240080,1711734969233,False,True
3521398618,69280.01000000,0.00126000,87.29281260,1711734969300,False,True
3521398619,69280.01000000,0.00186000,128.86081860,1711734969300,False,True
3521398620,69280.01000000,0.00055000,38.10400550,1711734969370,False,True
3521398621,69280.00000000,0.00014000,9.69920000,1711734969436,True,True
3521398622,69280.01000000,0.00072000,49.88160720,1711734969739,False,True
3521398623,69280.00000000,0.00116000,80.36480000,1711734969906,True,True
3521398624,69280.00000000,0.00112000,77.59360000,1711734969918,True,True
3521398625,69280.00000000,0.00055000,38.10400000,1711734969967,True,True
3521398626,69280.00000000,0.00154000,106.69120000,1711734969967,True,True
3521398627,69280.00000000,0.05322000,3687.08160000,1711734969988,True,True
3521398628,69280.00000000,0.00101000,69.97280000,1711734969988,True,True
3521398629,69280.00000000,0.00637000,441.31360000,1711734969988,True,True
3521398630,69279.99000000,0.00033000,22.86239670,1711734969988,True,True
3521398631,69279.78000000,0.00009000,6.23518020,1711734969994,True,True
3521398632,69279.36000000,0.00009000,6.23514240,1711734969994,True,True
3521398633,69278.94000000,0.00009000,6.23510460,1711734969994,True,True
3521398634,69278.52000000,0.00009000,6.23506680,1711734969994,True,True
3521398635,69278.10000000,0.00009000,6.23502900,1711734969994,True,True
3521398636,69277.89000000,0.00058000,40.18117620,1711734970096,True,True
3521398637,69277.90000000,0.00045000,31.17505500,1711734970117,False,True
3521398638,69277.90000000,0.00295000,204.36980500,1711734970117,False,True
3521398639,69277.89000000,0.00493000,341.53999770,1711734970274,True,True
3521398640,69277.89000000,0.00032000,22.16892480,1711734970622,True,True
3521398641,69277.89000000,0.00210000,145.48356900,1711734970717,True,True
3521398642,69277.89000000,0.00308000,213.37590120,1711734970760,True,True
3521398643,69277.90000000,0.00849000,588.16937100,1711734970780,False,True
3521398644,69277.89000000,0.00011000,7.62056790,1711734970847,True,True
3521398645,69277.90000000,0.00595000,412.20350500,1711734971077,False,True
3521398646,69277.90000000,0.00135000,93.52516500,1711734971374,False,True
3521398647,69277.89000000,0.00037000,25.63281930,1711734971915,True,True
3521398648,69277.90000000,0.00405000,280.57549500,1711734972262,False,True
3521398649,69277.90000000,0.00072000,49.88008800,1711734972352,False,True
3521398650,69277.90000000,0.00309000,214.06871100,1711734972708,False,True
3521398651,69277.90000000,0.00128000,88.67571200,1711734973490,False,True
3521398652,69277.90000000,0.00059000,40.87396100,1711734973749,False,True
3521398653,69277.89000000,0.00122000,84.51902580,1711734974000,True,True
3521398654,69277.89000000,0.00312000,216.14701680,1711734974407,True,True
3521398655,69277.90000000,0.00014000,9.69890600,1711734974607,False,True
3521398656,69277.90000000,0.00010000,6.92779000,1711734975121,False,True
3521398657,69277.90000000,0.00057000,39.48840300,1711734975171,False,True
3521398658,69277.89000000,0.00111000,76.89845790,1711734975521,True,True
3521398659,69277.89000000,0.00111000,76.89845790,1711734975526,True,True
3521398660,69277.89000000,0.00111000,76.89845790,1711734975535,True,True
3521398661,69277.89000000,0.00111000,76.89845790,1711734975542,True,True
3521398662,69277.89000000,0.00111000,76.89845790,1711734975549,True,True
3521398663,69277.89000000,0.00111000,76.89845790,1711734975555,True,True
3521398664,69277.89000000,0.00111000,76.89845790,1711734975565,True,True
3521398665,69277.89000000,0.00111000,76.89845790,1711734975575,True,True
3521398666,69277.89000000,0.00111000,76.89845790,1711734975583,True,True
3521398667,69277.90000000,0.00360000,249.40044000,1711734975615,False,True
3521398668,69277.89000000,0.28242000,19565.46169380,1711734975655,True,True
3521398669,69277.89000000,0.00016000,11.08446240,1711734975656,True,True
3521398670,69277.89000000,0.04156000,2879.18910840,1711734975657,True,True
3521398671,69277.89000000,0.00637000,441.30015930,1711734975657,True,True
3521398672,69277.68000000,0.00009000,6.23499120,1711734975657,True,True
3521398673,69277.26000000,0.00009000,6.23495340,1711734975659,True,True
3521398674,69276.84000000,0.00009000,6.23491560,1711734975659,True,True
3521398675,69276.50000000,0.00036000,24.93954000,1711734975661,True,True
3521398676,69276.42000000,0.00009000,6.23487780,1711734975661,True,True
3521398677,69276.42000000,0.00069000,47.80072980,1711734975661,True,True
3521398678,69276.00000000,0.00009000,6.23484000,1711734975661,True,True
3521398679,69275.58000000,0.00009000,6.23480220,1711734975661,True,True
3521398680,69275.16000000,0.00009000,6.23476440,1711734975661,True,True
3521398681,69274.91000000,0.00221000,153.09755110,1711734975661,True,True
3521398682,69274.74000000,0.00009000,6.23472660,1711734975661,True,True
3521398683,69274.32000000,0.00009000,6.23468880,1711734975672,True,True
3521398684,69273.90000000,0.00009000,6.23465100,1711734975672,True,True
3521398685,69273.48000000,0.00009000,6.23461320,1711734975672,True,True
3521398686,69273.23000000,0.00144000,99.75345120,1711734975672,True,True
3521398687,69273.06000000,0.00009000,6.23457540,1711734975672,True,True
3521398688,69272.64000000,0.00009000,6.23453760,1711734975672,True,True
3521398689,69272.22000000,0.00009000,6.23449980,1711734975672,True,True
3521398690,69271.80000000,0.00009000,6.23446200,1711734975682,True,True
3521398691,69271.38000000,0.00009000,6.23442420,1711734975682,True,True
3521398692,69271.01000000,0.00008000,5.54168080,1711734975682,True,True
3521398693,69270.96000000,0.00009000,6.23438640,1711734975682,True,True
3521398694,69270.60000000,0.00010000,6.92706000,1711734975682,True,True
3521398695,69270.60000000,0.00077000,53.33836200,1711734975687,True,True
3521398696,69270.60000000,0.00143000,99.05695800,1711734975689,True,True
3521398697,69270.60000000,0.00143000,99.05695800,1711734975689,True,True
3521398698,69270.61000000,0.00043000,29.78636230,1711734975796,False,True
3521398699,69270.61000000,0.00280000,193.95770800,1711734975890,False,True
3521398700,69270.61000000,0.00163000,112.91109430,1711734975890,False,True
3521398701,69270.60000000,0.00072000,49.87483200,1711734975907,True,True
3521398702,69270.61000000,0.00284000,196.72853240,1711734975990,False,True
3521398703,69270.61000000,0.59553000,41252.72637330,1711734976247,False,True
3521398704,69270.61000000,0.12615000,8738.48745150,1711734976247,False,True
3521398705,69270.61000000,0.01444000,1000.26760840,1711734976479,False,True
3521398706,69270.61000000,0.00296000,205.04100560,1711734976481,False,True
3521398707,69270.60000000,0.00048000,33.24988800,1711734976537,True,True
3521398708,69270.61000000,0.00308000,213.35347880,1711734976655,False,True
3521398709,69270.61000000,0.00209000,144.77557490,1711734976713,False,True
3521398710,69270.61000000,0.00165000,114.29650650,1711734976770,False,True
3521398711,69270.60000000,0.00179000,123.99437400,1711734976801,True,True
3521398712,69270.61000000,0.00050000,34.63530500,1711734977239,False,True
3521398713,69270.61000000,0.00547000,378.91023670,1711734977308,False,True
3521398714,69270.60000000,0.00197000,136.46308200,1711734977437,True,True
3521398715,69270.60000000,0.02551000,1767.09300600,1711734977437,True,True
3521398716,69270.61000000,0.00172000,119.14544920,1711734977734,False,True
3521398717,69270.60000000,0.00308000,213.35344800,1711734977861,True,True
3521398718,69270.61000000,0.00052000,36.02071720,1711734977914,False,True
3521398719,69270.61000000,0.00126000,87.28096860,1711734977950,False,True
3521398720,69270.61000000,0.00008000,5.54164880,1711734977960,False,True
3521398721,69270.60000000,0.00013000,9.00517800,1711734977967,True,True
3521398722,69270.61000000,0.11057000,7659.25134770,1711734977967,False,True
3521398723,69270.61000000,0.07063000,4892.58318430,1711734977967,False,True
3521398724,69270.61000000,0.07127000,4936.91637470,1711734977967,False,True
3521398725,69270.61000000,0.07063000,4892.58318430,1711734977967,False,True
3521398726,69270.61000000,0.16325000,11308.42708250,1711734977967,False,True
3521398727,69270.61000000,0.00637000,441.25378570,1711734977967,False,True
3521398728,69270.61000000,0.05609000,3885.38851490,1711734977967,False,True
3521398729,69270.61000000,0.00030000,20.78118300,1711734977967,False,True
3521398730,69270.61000000,0.00258000,178.71817380,1711734977967,False,True
3521398731,69270.61000000,0.01868000,1293.97499480,1711734977967,False,True
3521398732,69270.61000000,0.12593000,8723.24791730,1711734977967,False,True
3521398733,69270.61000000,0.20000000,13854.12200000,1711734977972,False,True
3521398734,69270.61000000,0.39860000,27611.26514600,1711734977973,False,True
3521398735,69270.61000000,0.20000000,13854.12200000,1711734977974,False,True
3521398736,69270.61000000,0.13009000,9011.41365490,1711734977974,False,True
3521398737,69270.61000000,0.20000000,13854.12200000,1711734977976,False,True
3521398738,69270.61000000,0.56374000,39050.61368140,1711734977977,False,True
3521398739,69270.61000000,0.22911000,15870.58945710,1711734977978,False,True
3521398740,69271.38000000,0.00009000,6.23442420,1711734977978,False,True
3521398741,69271.80000000,0.00009000,6.23446200,1711734977978,False,True
3521398742,69272.22000000,0.00009000,6.23449980,1711734977978,False,True
3521398743,69272.64000000,0.00009000,6.23453760,1711734977978,False,True
3521398744,69273.06000000,0.00009000,6.23457540,1711734977978,False,True
3521398745,69273.48000000,0.00009000,6.23461320,1711734977978,False,True
3521398746,69273.90000000,0.00009000,6.23465100,1711734977978,False,True
3521398747,69273.91000000,0.07200000,4987.72152000,1711734977978,False,True
3521398748,69274.00000000,0.07370000,5105.49380000,1711734977978,False,True
3521398749,69274.32000000,0.00009000,6.23468880,1711734977978,False,True
3521398750,69274.74000000,0.00009000,6.23472660,1711734977978,False,True
3521398751,69275.08000000,0.00072000,49.87805760,1711734977978,False,True
3521398752,69275.16000000,0.00009000,6.23476440,1711734977978,False,True
3521398753,69275.58000000,0.00009000,6.23480220,1711734977978,False,True
3521398754,69276.00000000,0.07370000,5105.64120000,1711734977978,False,True
3521398755,69276.00000000,0.00009000,6.23484000,1711734977978,False,True
3521398756,69276.42000000,0.00009000,6.23487780,1711734977978,False,True
3521398757,69276.50000000,0.10000000,6927.65000000,1711734977978,False,True
3521398758,69276.84000000,0.00009000,6.23491560,1711734977978,False,True
3521398759,69277.26000000,0.00009000,6.23495340,1711734977978,False,True
3521398760,69277.56000000,0.10000000,6927.75600000,1711734977978,False,True
3521398761,69277.68000000,0.00009000,6.23499120,1711734977978,False,True
3521398762,69277.73000000,0.00144000,99.75993120,1711734977978,False,True
3521398763,69277.74000000,0.03659000,2534.87250660,1711734977978,False,True
3521398764,69277.90000000,0.00760000,526.51204000,1711734977978,False,True
3521398765,69277.90000000,0.00282000,195.36367800,1711734978014,False,True
3521398766,69277.90000000,0.01000000,692.77900000,1711734978068,False,True
3521398767,69277.90000000,0.00107000,74.12735300,1711734978079,False,True
3521398768,69277.89000000,0.00013000,9.00612570,1711734978143,True,True
3521398769,69277.90000000,0.00135000,93.52516500,1711734978517,False,True
3521398770,69277.89000000,0.01444000,1000.37273160,1711734978581,True,True
3521398771,69277.90000000,0.00374000,259.09934600,1711734978652,False,True
3521398772,69277.89000000,0.01209000,837.56969010,1711734978663,True,True
3521398773,69277.90000000,0.00296000,205.06258400,1711734978834,False,True
3521398774,69277.90000000,0.00296000,205.06258400,1711734978842,False,True
3521398775,69277.90000000,0.00311000,215.45426900,1711734979051,False,True
3521398776,69277.90000000,0.00144000,99.76017600,1711734979337,False,True
3521398777,69277.90000000,0.00078000,54.03676200,1711734979438,False,True
3521398778,69277.89000000,0.00193000,133.70632770,1711734979523,True,True
3521398779,69277.90000000,0.00077000,53.34398300,1711734979768,False,True
3521398780,69277.89000000,0.00176000,121.92908640,1711734979973,True,True
3521398781,69277.89000000,0.00341000,236.23760490,1711734980000,True,True
3521398782,69277.90000000,0.00011000,7.62056900,1711734980004,False,True
3521398783,69277.90000000,0.00195000,135.09190500,1711734980064,False,True
3521398784,69277.89000000,0.00284000,196.74920760,1711734980373,True,True
3521398785,69277.90000000,0.00396000,274.34048400,1711734980553,False,True
3521398786,69277.90000000,0.00279000,193.28534100,1711734980616,False,True
3521398787,69277.89000000,0.00311000,215.45423790,1711734980631,True,True
3521398788,69277.90000000,0.00020000,13.85558000,1711734980745,False,True
3521398789,69277.90000000,0.03000000,2078.33700000,1711734981332,False,True
3521398790,69277.89000000,0.00050000,34.63894500,1711734981521,True,True
3521398791,69277.90000000,0.00120000,83.13348000,1711734981709,False,True
3521398792,69277.90000000,0.00311000,215.45426900,1711734981820,False,True
3521398793,69277.90000000,0.00057000,39.48840300,1711734982159,False,True
3521398794,69277.89000000,0.00010000,6.92778900,1711734982228,True,True
3521398795,69277.90000000,0.00062000,42.95229800,1711734982431,False,True
3521398796,69277.90000000,0.00014000,9.69890600,1711734982601,False,True
3521398797,69277.90000000,0.00022000,15.24113800,1711734982673,False,True
3521398798,69277.89000000,0.00310000,214.76145900,1711734983060,True,True
3521398799,69277.89000000,0.00029000,20.09058810,1711734983110,True,True
3521398800,69277.90000000,0.00648000,448.92079200,1711734983262,False,True
3521398801,69277.90000000,0.00218000,151.02582200,1711734983264,False,True
3521398802,69277.89000000,0.00028000,19.39780920,1711734984054,True,True
3521398803,69277.90000000,0.00310000,214.76149000,1711734984291,False,True
3521398804,69277.89000000,0.00265000,183.58640850,1711734984412,True,True
3521398805,69277.90000000,0.00135000,93.52516500,1711734984568,False,True
3521398806,69277.90000000,0.00135000,93.52516500,1711734984662,False,True
3521398807,69277.90000000,0.00035000,24.24726500,1711734984702,False,True
3521398808,69277.89000000,0.00519000,359.55224910,1711734984713,True,True
3521398809,69277.90000000,0.00135000,93.52516500,1711734984772,False,True
3521398810,69277.90000000,0.00135000,93.52516500,1711734984869,False,True
3521398811,69277.90000000,0.00212000,146.86914800,1711734985046,False,True
3521398812,69277.90000000,0.00012000,8.31334800,1711734985276,False,True
3521398813,69277.90000000,0.00422000,292.35273800,1711734985390,False,True
3521398814,69277.89000000,0.00062000,42.95229180,1711734985441,True,True
3521398815,69277.89000000,0.00310000,214.76145900,1711734985476,True,True
3521398816,69277.90000000,0.00221000,153.10415900,1711734985579,False,True
3521398817,69277.90000000,0.07316000,5068.37116400,1711734985579,False,True
3521398818,69277.90000000,0.07303000,5059.36503700,1711734985701,False,True
3521398819,69277.90000000,0.06470000,4482.28013000,1711734985710,False,True
3521398820,69277.90000000,0.89551000,62039.05222900,1711734985714,False,True
3521398821,69277.90000000,0.62153000,43058.29318700,1711734985715,False,True
3521398822,69277.90000000,0.31954000,22137.06016600,1711734985715,False,True
3521398823,69277.90000000,0.07063000,4893.09807700,1711734985715,False,True
3521398824,69277.90000000,0.09623000,6666.61231700,1711734985715,False,True
3521398825,69277.90000000,0.03711000,2570.90286900,1711734985715,False,True
3521398826,69277.90000000,0.04089000,2832.77333100,1711734985715,False,True
3521398827,69277.90000000,0.01829000,1267.09279100,1711734985715,False,True
3521398828,69277.90000000,0.00637000,441.30022300,1711734985715,False,True
3521398829,69277.90000000,0.00015000,10.39168500,1711734985715,False,True
3521398830,69277.90000000,0.00200000,138.55580000,1711734985715,False,True
3521398831,69277.90000000,0.00009000,6.23501100,1711734985715,False,True
3521398832,69277.90000000,0.00035000,24.24726500,1711734985716,False,True
3521398833,69277.90000000,0.00147000,101.83851300,1711734985716,False,True
3521398834,69278.10000000,0.00009000,6.23502900,1711734985716,False,True
3521398835,69278.52000000,0.00009000,6.23506680,1711734985716,False,True
3521398836,69278.94000000,0.00009000,6.23510460,1711734985716,False,True
3521398837,69279.36000000,0.00009000,6.23514240,1711734985716,False,True
3521398838,69279.78000000,0.00009000,6.23518020,1711734985718,False,True
3521398839,69280.00000000,0.00014000,9.69920000,1711734985718,False,True
3521398840,69280.01000000,0.00880000,609.66408800,1711734985718,False,True
3521398841,69280.01000000,0.06183000,4283.58301830,1711734985718,False,True
3521398842,69280.10000000,0.00229000,158.65142900,1711734985720,False,True
3521398843,69280.20000000,0.00009000,6.23521800,1711734985720,False,True
3521398844,69280.62000000,0.00009000,6.23525580,1711734985720,False,True
3521398845,69281.04000000,0.00009000,6.23529360,1711734985723,False,True
3521398846,69281.46000000,0.00009000,6.23533140,1711734985727,False,True
3521398847,69281.88000000,0.00009000,6.23536920,1711734985727,False,True
3521398848,69282.30000000,0.00009000,6.23540700,1711734985729,False,True
3521398849,69282.71000000,0.00108000,74.82532680,1711734985729,False,True
3521398850,69282.71000000,0.00117000,81.06077070,1711734985730,False,True
3521398851,69282.72000000,0.00009000,6.23544480,1711734985745,False,True
3521398852,69283.05000000,0.00015000,10.39245750,1711734985745,False,True
3521398853,69283.14000000,0.00009000,6.23548260,1711734985745,False,True
3521398854,69283.56000000,0.00009000,6.23552040,1711734985745,False,True
3521398855,69283.98000000,0.00009000,6.23555820,1711734985745,False,True
3521398856,69284.40000000,0.00009000,6.23559600,1711734985750,False,True
3521398857,69284.42000000,0.00008000,5.54275360,1711734985755,False,True
3521398858,69284.80000000,0.00013000,9.00702400,1711734985765,True,True
3521398859,69284.81000000,0.00135000,93.53449350,1711734985852,False,True
3521398860,69284.81000000,0.00135000,93.53449350,1711734985943,False,True
3521398861,69284.81000000,0.00193000,133.71968330,1711734986004,False,True
3521398862,69284.81000000,0.00135000,93.53449350,1711734986041,False,True
3521398863,69284.81000000,0.00170000,117.78417700,1711734986059,False,True
3521398864,69284.80000000,0.01444000,1000.47251200,1711734986079,True,True
3521398865,69284.81000000,0.00598000,414.32316380,1711734986093,False,True
3521398866,69284.81000000,0.07815000,5414.60790150,1711734986093,False,True
3521398867,69284.81000000,0.00004000,2.77139240,1711734986093,False,True
3521398868,69284.81000000,0.00633000,438.57284730,1711734986104,False,True
3521398869,69284.82000000,0.00009000,6.23563380,1711734986130,False,True
3521398870,69284.82000000,0.09991000,6922.24636620,1711734986130,False,True
3521398871,69284.82000000,0.00135000,93.53450700,1711734986138,False,True
3521398872,69284.82000000,0.02290000,1586.62237800,1711734986142,False,True
3521398873,69284.82000000,0.07600000,5265.64632000,1711734986143,False,True
3521398874,69284.82000000,0.12940000,8965.45570800,1711734986145,False,True
3521398875,69284.82000000,0.13960000,9672.16087200,1711734986155,False,True
3521398876,69284.82000000,0.00637000,441.34430340,1711734986155,False,True
3521398877,69285.24000000,0.00009000,6.23567160,1711734986157,False,True
3521398878,69285.48000000,0.00221000,153.12091080,1711734986157,False,True
3521398879,69285.60000000,0.00087000,60.27847200,1711734986157,False,True
3521398880,69285.66000000,0.00009000,6.23570940,1711734986157,False,True
3521398881,69286.08000000,0.00009000,6.23574720,1711734986157,False,True
3521398882,69286.50000000,0.00009000,6.23578500,1711734986157,False,True
3521398883,69286.92000000,0.00009000,6.23582280,1711734986157,False,True
3521398884,69287.34000000,0.00009000,6.23586060,1711734986157,False,True
3521398885,69287.76000000,0.00009000,6.23589840,1711734986157,False,True
3521398886,69288.18000000,0.00009000,6.23593620,1711734986157,False,True
3521398887,69288.60000000,0.00009000,6.23597400,1711734986157,False,True
3521398888,69289.02000000,0.00009000,6.23601180,1711734986157,False,True
3521398889,69289.44000000,0.00009000,6.23604960,1711734986157,False,True
3521398890,69289.86000000,0.00009000,6.23608740,1711734986157,False,True
3521398891,69289.97000000,0.00018000,12.47219460,1711734986157,False,True
3521398892,69290.00000000,0.00051000,35.33790000,1711734986576,False,True
3521398893,69289.99000000,0.00010000,6.92899900,1711734986696,True,True
3521398894,69290.00000000,0.05722000,3964.77380000,1711734986861,False,True
3521398895,69290.00000000,0.10000000,6929.00000000,1711734986861,False,True
3521398896,69290.00000000,0.00067000,46.42430000,1711734986861,False,True
3521398897,69290.00000000,0.00309000,214.10610000,1711734987022,False,True
3521398898,69289.99000000,0.00011000,7.62189890,1711734987444,True,True
3521398899,69289.99000000,0.00120000,83.14798800,1711734987551,True,True
3521398900,69290.00000000,0.00008000,5.54320000,1711734987638,False,True
3521398901,69290.00000000,0.00020000,13.85800000,1711734987712,False,True
3521398902,69290.00000000,0.00171000,118.48590000,1711734987847,False,True
3521398903,69289.99000000,0.00309000,214.10606910,1711734988111,True,True
3521398904,69289.99000000,0.00037000,25.63729630,1711734988573,True,True
3521398905,69289.99000000,0.01755000,1216.03932450,1711734988573,True,True
3521398906,69290.00000000,0.00308000,213.41320000,1711734989127,False,True
3521398907,69290.00000000,0.04349000,3013.42210000,1711734989212,False,True
3521398908,69290.00000000,0.00557000,385.94530000,1711734989212,False,True
3521398909,69290.00000000,0.05610000,3887.16900000,1711734989479,False,True
3521398910,69290.00000000,0.07063000,4893.95270000,1711734989479,False,True
3521398911,69290.00000000,0.00534000,370.00860000,1711734989479,False,True
3521398912,69290.00000000,0.00381000,263.99490000,1711734989479,False,True
3521398913,69290.00000000,0.00637000,441.37730000,1711734989479,False,True
3521398914,69290.00000000,0.00012000,8.31480000,1711734989479,False,True
3521398915,69290.00000000,0.04058000,2811.78820000,1711734989479,False,True
3521398916,69290.28000000,0.00009000,6.23612520,1711734989479,False,True
3521398917,69290.70000000,0.00009000,6.23616300,1711734989479,False,True
3521398918,69290.85000000,0.00221000,153.13277850,1711734989479,False,True
3521398919,69291.12000000,0.00009000,6.23620080,1711734989479,False,True
3521398920,69291.54000000,0.00009000,6.23623860,1711734989479,False,True
3521398921,69291.75000000,0.05685000,3939.23598750,1711734989479,False,True
3521398922,69291.75000000,0.27630000,19145.31052500,1711734989479,False,True
3521398923,69291.75000000,0.01685000,1167.56598750,1711734989480,False,True
3521398924,69291.76000000,0.01589000,1101.04606640,1711734989480,False,True
3521398925,69291.76000000,0.01680000,1164.10156800,1711734989480,False,True
3521398926,69291.76000000,0.00070000,48.50423200,1711734989480,False,True
3521398927,69291.76000000,0.00177000,122.64641520,1711734989480,False,True
3521398928,69291.76000000,0.01213000,840.50904880,1711734989480,False,True
3521398929,69291.76000000,0.00355000,245.98574800,1711734989480,False,True
3521398930,69291.76000000,0.01214000,841.20196640,1711734989480,False,True
3521398931,69291.76000000,0.01215000,841.89488400,1711734989480,False,True
3521398932,69291.76000000,0.01213000,840.50904880,1711734989480,False,True
3521398933,69291.76000000,0.01214000,841.20196640,1711734989480,False,True
3521398934,69291.76000000,0.01215000,841.89488400,1711734989480,False,True
3521398935,69291.76000000,0.00694000,480.88481440,1711734989480,False,True
3521398936,69291.76000000,0.00519000,359.62423440,1711734989483,False,True
3521398937,69291.76000000,0.01214000,841.20196640,1711734989483,False,True
3521398938,69291.76000000,0.01215000,841.89488400,1711734989483,False,True
3521398939,69291.76000000,0.01213000,840.50904880,1711734989483,False,True
3521398940,69291.76000000,0.01214000,841.20196640,1711734989483,False,True
3521398941,69291.76000000,0.01215000,841.89488400,1711734989483,False,True
3521398942,69291.76000000,0.01213000,840.50904880,1711734989483,False,True
3521398943,69291.76000000,0.01199000,830.80820240,1711734989483,False,True
3521398944,69291.76000000,0.00015000,10.39376400,1711734989483,False,True
3521398945,69291.76000000,0.01215000,841.89488400,1711734989483,False,True
3521398946,69291.76000000,0.01213000,840.50904880,1711734989483,False,True
3521398947,69291.76000000,0.01214000,841.20196640,1711734989483,False,True
3521398948,69291.76000000,0.01215000,841.89488400,1711734989483,False,True
3521398949,69291.76000000,0.01213000,840.50904880,1711734989483,False,True
3521398950,69291.76000000,0.01214000,841.20196640,1711734989483,False,True
3521398951,69291.76000000,0.01215000,841.89488400,1711734989483,False,True
3521398952,69291.76000000,0.01213000,840.50904880,1711734989483,False,True
3521398953,69291.76000000,0.00273000,189.16650480,1711734989483,False,True
3521398954,69291.76000000,0.00941000,652.03546160,1711734989483,False,True
3521398955,69291.76000000,0.01215000,841.89488400,1711734989483,False,True
3521398956,69291.76000000,0.00950000,658.27172000,1711734989483,False,True
3521398957,69291.76000000,0.01062000,735.87849120,1711734989483,False,True
3521398958,69291.76000000,0.00938000,649.95670880,1711734989483,False,True
3521398959,69291.96000000,0.00009000,6.23627640,1711734989483,False,True
3521398960,69292.38000000,0.00009000,6.23631420,1711734989492,False,True
3521398961,69292.80000000,0.00009000,6.23635200,1711734989492,False,True
3521398962,69293.22000000,0.00009000,6.23638980,1711734989492,False,True
3521398963,69293.64000000,0.00009000,6.23642760,1711734989492,False,True
3521398964,69293.84000000,0.01443000,999.91011120,1711734989492,False,True
3521398965,69294.06000000,0.00009000,6.23646540,1711734989492,False,True
3521398966,69294.48000000,0.00009000,6.23650320,1711734989492,False,True
3521398967,69294.90000000,0.00009000,6.23654100,1711734989492,False,True
3521398968,69295.32000000,0.00009000,6.23657880,1711734989492,False,True
3521398969,69295.74000000,0.00009000,6.23661660,1711734989492,False,True
3521398970,69296.16000000,0.00009000,6.23665440,1711734989492,False,True
3521398971,69296.18000000,0.00467000,323.61316060,1711734989492,False,True
3521398972,69296.18000000,0.02000000,1385.92360000,1711734989492,False,True
3521398973,69296.18000000,0.02489000,1724.78192020,1711734989530,False,True
3521398974,69296.18000000,0.01576000,1092.10779680,1711734989571,False,True
3521398975,69296.18000000,0.07308000,5064.16483440,1711734989590,False,True
3521398976,69296.18000000,0.10000000,6929.61800000,1711734989684,False,True
3521398977,69296.17000000,0.00276000,191.25742920,1711734989689,True,True
3521398978,69296.18000000,0.11160000,7733.45368800,1711734989693,False,True
3521398979,69296.18000000,0.00334000,231.44924120,1711734989693,False,True
3521398980,69296.23000000,0.00221000,153.14466830,1711734989696,False,True
3521398981,69296.58000000,0.00009000,6.23669220,1711734989696,False,True
3521398982,69297.00000000,0.00009000,6.23673000,1711734989696,False,True
3521398983,69297.42000000,0.00009000,6.23676780,1711734989696,False,True
3521398984,69297.84000000,0.00009000,6.23680560,1711734989696,False,True
3521398985,69298.26000000,0.00009000,6.23684340,1711734989696,False,True
3521398986,69298.50000000,0.01500000,1039.47750000,1711734989891,False,True
3521398987,69298.50000000,0.05964000,4132.96254000,1711734989925,False,True
3521398988,69298.49000000,0.00133000,92.16699170,1711734989984,True,True
3521398989,69298.49000000,0.01311000,908.50320390,1711734989984,True,True
3521398990,69298.49000000,0.00307000,212.74636430,1711734990333,True,True
3521398991,69298.50000000,0.00135000,93.55297500,1711734990483,False,True
3521398992,69298.50000000,0.00135000,93.55297500,1711734990585,False,True
3521398993,69298.50000000,0.00042000,29.10537000,1711734990972,False,True
3521398994,69298.50000000,0.01997000,1383.89104500,1711734991211,False,True
3521398995,69298.50000000,0.00144000,99.78984000,1711734991229,False,True
3521398996,69298.50000000,0.00068000,47.12298000,1711734991415,False,True
3521398997,69298.50000000,0.00015000,10.39477500,1711734991435,False,True
3521398998,69298.50000000,0.00292000,202.35162000,1711734991435,False,True
3521398999,69298.50000000,0.00095000,65.83357500,1711734992231,False,True
3521399000,69298.50000000,0.00023000,15.93865500,1711734992446,False,True
3521399001,69298.49000000,0.00145000,100.48281050,1711734992501,True,True
3521399002,69298.50000000,0.00193000,133.74610500,1711734992711,False,True
3521399003,69298.49000000,0.00307000,212.74636430,1711734993058,True,True
3521399004,69298.50000000,0.00135000,93.55297500,1711734993129,False,True
3521399005,69298.50000000,0.00135000,93.55297500,1711734993232,False,True
3521399006,69298.50000000,0.00135000,93.55297500,1711734993324,False,True
3521399007,69298.50000000,0.00347000,240.46579500,1711734993348,False,True
3521399008,69298.50000000,0.00043000,29.79835500,1711734993411,False,True
3521399009,69298.50000000,0.00135000,93.55297500,1711734993420,False,True
3521399010,69298.50000000,0.00114000,79.00029000,1711734993572,False,True
3521399011,69298.49000000,0.00284000,196.80771160,1711734993802,True,True
3521399012,69298.50000000,0.00029000,20.09656500,1711734993946,False,True
3521399013,69298.49000000,0.00019000,13.16671310,1711734993996,True,True
3521399014,69298.50000000,0.29684000,20570.56674000,1711734994161,False,True
3521399015,69298.50000000,0.00083000,57.51775500,1711734994246,False,True
3521399016,69298.50000000,0.00307000,212.74639500,1711734994431,False,True
3521399017,69298.50000000,0.00135000,93.55297500,1711734994629,False,True
3521399018,69298.49000000,0.00068000,47.12297320,1711734994670,True,True
3521399019,69298.49000000,0.00299000,207.20248510,1711734994673,True,True
3521399020,69298.49000000,0.21023000,14568.62155270,1711734994705,True,True
3521399021,69298.49000000,0.04618000,3200.20426820,1711734994705,True,True
3521399022,69298.50000000,0.00649000,449.74726500,1711734994712,False,True
3521399023,69298.50000000,0.00135000,93.55297500,1711734994736,False,True
3521399024,69298.50000000,0.00135000,93.55297500,1711734994842,False,True
3521399025,69298.49000000,0.00060000,41.57909400,1711734995039,True,True
3521399026,69298.50000000,0.00135000,93.55297500,1711734995041,False,True
3521399027,69298.50000000,0.00135000,93.55297500,1711734995151,False,True
3521399028,69298.49000000,0.00251000,173.93920990,1711734995204,True,True
3521399029,69298.49000000,0.00307000,212.74636430,1711734995308,True,True
3521399030,69298.50000000,0.00046000,31.87731000,1711734995309,False,True
3521399031,69298.50000000,0.00778000,539.14233000,1711734995541,False,True
3521399032,69298.50000000,0.00557000,385.99264500,1711734995655,False,True
3521399033,69298.50000000,0.00710000,492.01935000,1711734995664,False,True
3521399034,69298.50000000,0.00757000,524.58964500,1711734995685,False,True
3521399035,69298.50000000,0.00467000,323.62399500,1711734995710,False,True
3521399036,69298.50000000,0.00668000,462.91398000,1711734995757,False,True
3521399037,69298.49000000,0.00216000,149.68473840,1711734995800,True,True
3521399038,69298.49000000,0.00039000,27.02641110,1711734995901,True,True
3521399039,69298.50000000,0.00193000,133.74610500,1711734995975,False,True
3521399040,69298.50000000,0.00062000,42.96507000,1711734996066,False,True
3521399041,69298.50000000,0.00105000,72.76342500,1711734996090,False,True
3521399042,69298.50000000,0.00793000,549.53710500,1711734996657,False,True
3521399043,69298.50000000,0.00704000,487.86144000,1711734996679,False,True
3521399044,69298.50000000,0.00354000,245.31669000,1711734996704,False,True
3521399045,69298.50000000,0.00770000,533.59845000,1711734996729,False,True
3521399046,69298.50000000,0.00306000,212.05341000,1711734996793,False,True
3521399047,69298.50000000,0.00168000,116.42148000,1711734997242,False,True
3521399048,69298.50000000,0.00143000,99.09685500,1711734997263,False,True
3521399049,69298.49000000,0.00938000,650.01983620,1711734997736,True,True
3521399050,69298.50000000,0.01546000,1071.35481000,1711734997892,False,True
3521399051,69298.50000000,0.00775000,537.06337500,1711734997893,False,True
3521399052,69298.49000000,0.00305000,211.36039450,1711734997927,True,True
3521399053,69298.49000000,0.00186000,128.89519140,1711734998102,True,True
3521399054,69298.50000000,0.00718000,497.56323000,1711734998120,False,True
3521399055,69298.49000000,0.00792000,548.84404080,1711734998304,True,True
3521399056,69298.49000000,0.00008000,5.54387920,1711734998399,True,True
3521399057,69298.50000000,0.00108000,74.84238000,1711734998573,False,True
3521399058,69298.49000000,0.00742000,514.19479580,1711734998589,True,True
3521399059,69298.50000000,0.00263000,182.25505500,1711734999099,False,True
3521399060,69298.49000000,0.00078000,54.05282220,1711734999116,True,True
3521399061,69298.49000000,0.00073000,50.58789770,1711734999212,True,True
3521399062,69298.50000000,0.00295000,204.43057500,1711734999229,False,True
3521399063,69298.50000000,0.00305000,211.36042500,1711734999233,False,True
3521399064,69298.49000000,0.00011000,7.62283390,1711734999313,True,True
3521399065,69298.50000000,0.00098000,67.91253000,1711734999544,False,True
3521399066,69298.50000000,0.00048000,33.26328000,1711734999611,False,True
3521399067,69298.50000000,0.00148000,102.56178000,1711734999772,False,True
3521399068,69298.50000000,0.04000000,2771.94000000,1711734999845,False,True
3521399069,69298.50000000,0.00039000,27.02641500,1711734999867,False,True
3521399070,69298.50000000,0.00576000,399.15936000,1711735000033,False,True
3521399071,69298.50000000,0.00426000,295.21161000,1711735000119,False,True
3521399072,69298.50000000,0.00100000,69.29850000,1711735000119,False,True
3521399073,69298.50000000,0.00220000,152.45670000,1711735000119,False,True
3521399074,69298.49000000,0.00423000,293.13261270,1711735000221,True,True
3521399075,69298.50000000,0.00725000,502.41412500,1711735000330,False,True
3521399076,69298.50000000,0.00672000,465.68592000,1711735000353,False,True
3521399077,69298.50000000,0.00781000,541.22128500,1711735000377,False,True
3521399078,69298.50000000,0.00675000,467.76487500,1711735000403,False,True
3521399079,69298.50000000,0.00673000,466.37890500,1711735000427,False,True
3521399080,69298.50000000,0.00153000,106.02670500,1711735000624,False,True
3521399081,69298.50000000,0.00695000,481.62457500,1711735000650,False,True
3521399082,69298.49000000,0.00305000,211.36039450,1711735000978,True,True
3521399083,69298.50000000,0.07483000,5185.60675500,1711735001265,False,True
3521399084,69298.50000000,0.09122000,6321.40917000,1711735001347,False,True
3521399085,69298.50000000,0.08574000,5941.65339000,1711735001397,False,True
3521399086,69298.50000000,0.08007000,5548.73089500,1711735001454,False,True
3521399087,69298.50000000,0.07954000,5512.00269000,1711735001505,False,True
3521399088,69298.50000000,0.08181000,5669.31028500,1711735001559,False,True
3521399089,69298.50000000,0.07814000,5414.98479000,1711735001617,False,True
3521399090,69298.50000000,0.07832000,5427.45852000,1711735001672,False,True
3521399091,69298.50000000,0.07831000,5426.76553500,1711735001760,False,True
3521399092,69298.50000000,0.07633000,5289.55450500,1711735001813,False,True
3521399093,69298.50000000,0.01913000,1325.68030500,1711735001857,False,True
3521399094,69298.50000000,0.07861000,5447.55508500,1711735001872,False,True
3521399095,69298.50000000,0.00305000,211.36042500,1711735001907,False,True
3521399096,69298.50000000,0.07854000,5442.70419000,1711735001953,False,True
3521399097,69298.50000000,0.00476000,329.86086000,1711735001973,False,True
3521399098,69298.50000000,0.08200000,5682.47700000,1711735002004,False,True
3521399099,69298.50000000,0.01268000,878.70498000,1711735002052,False,True
3521399100,69298.50000000,0.10139000,7026.17491500,1711735002060,False,True
3521399101,69298.50000000,0.25131000,17415.40603500,1711735002060,False,True
3521399102,69298.50000000,0.47025000,32587.61962500,1711735002060,False,True
3521399103,69298.50000000,0.09550000,6618.00675000,1711735002060,False,True
3521399104,69298.50000000,0.05609000,3886.95286500,1711735002060,False,True
3521399105,69298.50000000,0.01323000,916.81915500,1711735002060,False,True
3521399106,69298.50000000,0.24061000,16673.91208500,1711735002060,False,True
3521399107,69298.50000000,0.18014000,12483.43179000,1711735002060,False,True
3521399108,69298.50000000,0.06404000,4437.87594000,1711735002061,False,True
3521399109,69298.50000000,0.00089000,61.67566500,1711735002061,False,True
3521399110,69298.68000000,0.00009000,6.23688120,1711735002061,False,True
3521399111,69299.10000000,0.00009000,6.23691900,1711735002061,False,True
3521399112,69299.52000000,0.00009000,6.23695680,1711735002061,False,True
3521399113,69299.94000000,0.00009000,6.23699460,1711735002062,False,True
3521399114,69300.00000000,0.00800000,554.40000000,1711735002062,False,True
3521399115,69300.00000000,0.00150000,103.95000000,1711735002062,False,True
3521399116,69300.00000000,0.00500000,346.50000000,1711735002062,False,True
3521399117,69300.00000000,0.01500000,1039.50000000,1711735002062,False,True
3521399118,69300.00000000,0.00200000,138.60000000,1711735002062,False,True
3521399119,69300.00000000,0.01444000,1000.69200000,1711735002062,False,True
3521399120,69300.00000000,0.05772000,3999.99600000,1711735002062,False,True
3521399121,69300.00000000,0.00670000,464.31000000,1711735002062,False,True
3521399122,69300.00000000,0.10259000,7109.48700000,1711735002062,False,True
3521399123,69300.20000000,0.00144000,99.79228800,1711735002062,False,True
3521399124,69300.36000000,0.00009000,6.23703240,1711735002062,False,True
3521399125,69300.60000000,0.00087000,60.29152200,1711735002062,False,True
3521399126,69300.60000000,0.00173000,119.89003800,1711735002062,False,True
3521399127,69300.76000000,0.06996000,4848.28116960,1711735002062,False,True
3521399128,69300.76000000,0.01443000,1000.00996680,1711735002062,False,True
3521399129,69300.78000000,0.00009000,6.23707020,1711735002062,False,True
3521399130,69300.90000000,0.00115000,79.69603500,1711735002062,False,True
3521399131,69301.20000000,0.00009000,6.23710800,1711735002062,False,True
3521399132,69301.61000000,0.00221000,153.15655810,1711735002062,False,True
3521399133,69301.62000000,0.00009000,6.23714580,1711735002062,False,True
3521399134,69302.04000000,0.00009000,6.23718360,1711735002062,False,True
3521399135,69302.46000000,0.00009000,6.23722140,1711735002062,False,True
3521399136,69302.48000000,0.01663000,1152.50024240,1711735002062,False,True
3521399137,69302.88000000,0.00009000,6.23725920,1711735002062,False,True
3521399138,69303.30000000,0.00009000,6.23729700,1711735002062,False,True
3521399139,69303.72000000,0.00009000,6.23733480,1711735002062,False,True
3521399140,69304.14000000,0.00009000,6.23737260,1711735002062,False,True
3521399141,69304.56000000,0.00009000,6.23741040,1711735002062,False,True
3521399142,69304.98000000,0.00009000,6.23744820,1711735002062,False,True
3521399143,69305.40000000,0.00009000,6.23748600,1711735002099,False,True
3521399144,69305.60000000,0.00297000,205.83763200,1711735002107,True,True
3521399145,69305.60000000,0.00370000,256.43072000,1711735002107,True,True
3521399146,69305.60000000,0.00671000,465.04057600,1711735002150,True,True
3521399147,69305.60000000,0.00780000,540.58368000,1711735002177,True,True
3521399148,69305.61000000,0.00135000,93.56257350,1711735002192,False,True
3521399149,69305.60000000,0.00704000,487.91142400,1711735002193,True,True
3521399150,69305.61000000,0.00615000,426.22950150,1711735002200,False,True
3521399151,69305.60000000,0.00728000,504.54476800,1711735002238,True,True
3521399152,69305.60000000,0.00696000,482.36697600,1711735002263,True,True
3521399153,69305.60000000,0.00717000,496.92115200,1711735002274,True,True
3521399154,69305.60000000,0.00675000,467.81280000,1711735002301,True,True
3521399155,69305.60000000,0.00675000,467.81280000,1711735002328,True,True
3521399156,69305.60000000,0.00689000,477.51558400,1711735002358,True,True
3521399157,69305.60000000,0.00696000,482.36697600,1711735002383,True,True
3521399158,69305.60000000,0.00736000,510.08921600,1711735002409,True,True
3521399159,69305.60000000,0.00792000,548.90035200,1711735002436,True,True
3521399160,69305.60000000,0.00708000,490.68364800,1711735002462,True,True
3521399161,69305.60000000,0.00852000,590.48371200,1711735002568,True,True
3521399162,69305.60000000,0.00340000,235.63904000,1711735002690,True,True
3521399163,69305.61000000,0.00031000,21.48473910,1711735002711,False,True
3521399164,69305.61000000,0.01206000,835.82565660,1711735002714,False,True
3521399165,69305.60000000,0.01444000,1000.77286400,1711735002734,True,True
3521399166,69305.61000000,0.00173000,119.89870530,1711735002797,False,True
3521399167,69305.61000000,0.00059000,40.89030990,1711735002951,False,True
3521399168,69305.60000000,0.00029000,20.09862400,1711735003046,True,True
3521399169,69305.60000000,0.00305000,211.38208000,1711735003089,True,True
3521399170,69305.60000000,0.01200000,831.66720000,1711735003137,True,True
3521399171,69305.60000000,0.01443000,1000.07980800,1711735003206,True,True
3521399172,69305.60000000,0.00739000,512.16838400,1711735003303,True,True
3521399173,69305.60000000,0.00668000,462.96140800,1711735003328,True,True
3521399174,69305.60000000,0.00043000,29.80140800,1711735003539,True,True
3521399175,69305.60000000,0.00788000,546.12812800,1711735003565,True,True
3521399176,69305.61000000,0.00017000,11.78195370,1711735003678,False,True
3521399177,69305.61000000,0.00399000,276.52938390,1711735003704,False,True
3521399178,69305.61000000,0.00058000,40.19725380,1711735004058,False,True
3521399179,69305.61000000,0.32307000,22390.56342270,1711735004064,False,True
3521399180,69305.61000000,0.03566000,2471.43805260,1711735004064,False,True
3521399181,69305.61000000,0.01489000,1031.96053290,1711735004064,False,True
3521399182,69305.61000000,0.00010000,6.93056100,1711735004064,False,True
3521399183,69305.82000000,0.00009000,6.23752380,1711735004065,False,True
3521399184,69306.24000000,0.00009000,6.23756160,1711735004065,False,True
3521399185,69306.66000000,0.00009000,6.23759940,1711735004065,False,True
3521399186,69306.99000000,0.00221000,153.16844790,1711735004065,False,True
3521399187,69307.08000000,0.00009000,6.23763720,1711735004065,False,True
3521399188,69307.50000000,0.00009000,6.23767500,1711735004065,False,True
3521399189,69307.70000000,0.14493000,10044.76496100,1711735004065,False,True
3521399190,69307.92000000,0.00009000,6.23771280,1711735004079,False,True
3521399191,69308.00000000,0.00036000,24.95088000,1711735004079,False,True
3521399192,69308.34000000,0.00009000,6.23775060,1711735004079,False,True
3521399193,69308.76000000,0.00009000,6.23778840,1711735004079,False,True
3521399194,69308.90000000,0.00072000,49.90240800,1711735004079,False,True
3521399195,69308.90000000,0.00793000,549.61957700,1711735004084,False,True
3521399196,69309.18000000,0.00009000,6.23782620,1711735004084,False,True
3521399197,69309.60000000,0.00009000,6.23786400,1711735004084,False,True
3521399198,69309.87000000,0.09691000,6716.81950170,1711735004091,False,True
3521399199,69309.93000000,0.04719000,3270.73559670,1711735004091,False,True
3521399200,69310.00000000,0.00800000,554.48000000,1711735004170,False,True
3521399201,69310.00000000,0.00150000,103.96500000,1711735004170,False,True
3521399202,69310.00000000,0.00165000,114.36150000,1711735004170,False,True
3521399203,69310.00000000,0.00135000,93.56850000,1711735004180,False,True
3521399204,69310.00000000,0.00008000,5.54480000,1711735004190,False,True
3521399205,69309.99000000,0.00617000,427.64263830,1711735004266,True,True
3521399206,69309.99000000,0.00524000,363.18434760,1711735004266,True,True
3521399207,69309.99000000,0.00585000,405.46344150,1711735004273,True,True
3521399208,69309.99000000,0.00594000,411.70134060,1711735004273,True,True
3521399209,69309.99000000,0.00616000,426.94953840,1711735004278,True,True
3521399210,69309.99000000,0.00604000,418.63233960,1711735004279,True,True
3521399211,69310.00000000,0.00192000,133.07520000,1711735004290,False,True
3521399212,69310.00000000,0.01500000,1039.65000000,1711735004290,False,True
3521399213,69310.00000000,0.00200000,138.62000000,1711735004290,False,True
3521399214,69310.00000000,0.05608000,3886.90480000,1711735004290,False,True
3521399215,69309.99000000,0.00524000,363.18434760,1711735004306,True,True
3521399216,69309.99000000,0.00617000,427.64263830,1711735004306,True,True
3521399217,69309.99000000,0.00594000,411.70134060,1711735004310,True,True
3521399218,69309.99000000,0.00585000,405.46344150,1711735004311,True,True
3521399219,69309.99000000,0.00604000,418.63233960,1711735004316,True,True
3521399220,69309.99000000,0.00616000,426.94953840,1711735004317,True,True
3521399221,69309.99000000,0.00524000,363.18434760,1711735004333,True,True
3521399222,69309.99000000,0.00617000,427.64263830,1711735004334,True,True
3521399223,69309.99000000,0.00585000,405.46344150,1711735004339,True,True
3521399224,69309.99000000,0.00594000,411.70134060,1711735004340,True,True
3521399225,69309.99000000,0.00604000,418.63233960,1711735004341,True,True
3521399226,69309.99000000,0.00616000,426.94953840,1711735004341,True,True
3521399227,69309.99000000,0.00524000,363.18434760,1711735004346,True,True
3521399228,69309.99000000,0.00617000,427.64263830,1711735004347,True,True
3521399229,69309.99000000,0.00585000,405.46344150,1711735004348,True,True
3521399230,69309.99000000,0.00594000,411.70134060,1711735004348,True,True
3521399231,69309.99000000,0.00616000,426.94953840,1711735004351,True,True
3521399232,69309.99000000,0.00604000,418.63233960,1711735004351,True,True
3521399233,69309.99000000,0.00617000,427.64263830,1711735004351,True,True
3521399234,69309.99000000,0.00524000,363.18434760,1711735004351,True,True
3521399235,69309.99000000,0.00585000,405.46344150,1711735004355,True,True
3521399236,69309.99000000,0.00616000,426.94953840,1711735004356,True,True
3521399237,69309.99000000,0.00594000,411.70134060,1711735004356,True,True
3521399238,69309.99000000,0.00617000,427.64263830,1711735004357,True,True
3521399239,69309.99000000,0.00524000,363.18434760,1711735004357,True,True
3521399240,69310.00000000,0.00163000,112.97530000,1711735004799,False,True
3521399241,69310.02000000,0.00009000,6.23790180,1711735004799,False,True
3521399242,69310.44000000,0.00009000,6.23793960,1711735004799,False,True
3521399243,69310.86000000,0.00009000,6.23797740,1711735004799,False,True
3521399244,69310.92000000,0.00100000,69.31092000,1711735004799,False,True
3521399245,69311.28000000,0.00009000,6.23801520,1711735004799,False,True
3521399246,69311.70000000,0.00005000,3.46558500,1711735004799,False,True
3521399247,69311.70000000,0.00004000,2.77246800,1711735004802,False,True
3521399248,69311.99000000,0.00010000,6.93119900,1711735004802,False,True
3521399249,69311.72000000,0.00008000,5.54493760,1711735004813,False,True
3521399250,69311.98000000,0.00008000,5.54495840,1711735005147,True,True
3521399251,69311.98000000,0.00141000,97.72989180,1711735005147,True,True
3521399252,69311.98000000,0.00059000,40.89406820,1711735005375,True,True
3521399253,69311.98000000,0.00149000,103.27485020,1711735005410,True,True
3521399254,69311.98000000,0.00149000,103.27485020,1711735005539,True,True
3521399255,69311.98000000,0.02101000,1456.24469980,1711735005589,True,True
3521399256,69311.99000000,0.00011000,7.62431890,1711735005589,False,True
3521399257,69311.98000000,0.00149000,103.27485020,1711735005653,True,True
3521399258,69311.98000000,0.00149000,103.27485020,1711735005756,True,True
3521399259,69311.98000000,0.00149000,103.27485020,1711735005861,True,True
3521399260,69311.99000000,0.00076000,52.67711240,1711735005905,False,True
3521399261,69311.98000000,0.00149000,103.27485020,1711735005964,True,True
3521399262,69311.98000000,0.00017000,11.78303660,1711735006030,True,True
3521399263,69311.98000000,0.00149000,103.27485020,1711735006193,True,True
3521399264,69311.98000000,0.00131000,90.79869380,1711735006690,True,True
3521399265,69311.99000000,0.01298000,899.66963020,1711735007028,False,True
3521399266,69311.99000000,0.00332000,230.11580680,1711735007067,False,True
3521399267,69311.98000000,0.00304000,210.70841920,1711735007209,True,True
3521399268,69311.98000000,0.01549000,1073.64257020,1711735007610,True,True
3521399269,69311.99000000,0.02958000,2050.24866420,1711735007717,False,True
3521399270,69311.99000000,0.00060000,41.58719400,1711735008194,False,True
3521399271,69311.99000000,0.00031000,21.48671690,1711735008212,False,True
3521399272,69311.99000000,0.00135000,93.57118650,1711735008384,False,True
3521399273,69311.99000000,0.00135000,93.57118650,1711735008476,False,True
3521399274,69311.99000000,0.00135000,93.57118650,1711735008565,False,True
3521399275,69311.99000000,0.00135000,93.57118650,1711735008852,False,True
3521399276,69311.99000000,0.00304000,210.70844960,1711735008854,False,True
3521399277,69311.99000000,0.00135000,93.57118650,1711735008949,False,True
3521399278,69311.99000000,0.00135000,93.57118650,1711735009232,False,True
3521399279,69311.99000000,0.00135000,93.57118650,1711735009344,False,True
3521399280,69311.99000000,0.00319000,221.10524810,1711735009369,False,True
3521399281,69311.99000000,0.00200000,138.62398000,1711735009393,False,True
3521399282,69311.98000000,0.00812000,562.81327760,1711735009400,True,True
3521399283,69311.99000000,0.00135000,93.57118650,1711735009555,False,True
3521399284,69311.99000000,0.00011000,7.62431890,1711735009605,False,True
3521399285,69311.98000000,0.00096000,66.53950080,1711735010068,True,True
3521399286,69311.99000000,0.00135000,93.57118650,1711735010134,False,True
3521399287,69311.98000000,0.00303000,210.01529940,1711735010254,True,True
3521399288,69311.99000000,0.00303000,210.01532970,1711735011560,False,True
3521399289,69311.99000000,0.00013000,9.01055870,1711735011773,False,True
3521399290,69311.99000000,0.00057000,39.50783430,1711735011837,False,True
3521399291,69311.99000000,0.00011000,7.62431890,1711735012286,False,True
3521399292,69311.99000000,0.00050000,34.65599500,1711735012461,False,True
3521399293,69311.98000000,0.00303000,210.01529940,1711735012642,True,True
3521399294,69311.99000000,0.00128000,88.71934720,1711735012898,False,True
3521399295,69311.99000000,0.01366000,946.80178340,1711735013090,False,True
3521399296,69311.99000000,0.00139000,96.34366610,1711735013378,False,True
3521399297,69311.98000000,0.00314000,217.63961720,1711735013579,True,True
3521399298,69311.99000000,0.00178000,123.37534220,1711735013590,False,True
3521399299,69311.99000000,0.00721000,499.73944790,1711735013639,False,True
3521399300,69311.99000000,0.00115000,79.70878850,1711735013650,False,True
3521399301,69311.99000000,0.00303000,210.01532970,1711735014109,False,True
3521399302,69311.99000000,0.03880000,2689.30521200,1711735014347,False,True
3521399303,69311.99000000,0.00018000,12.47615820,1711735014483,False,True
3521399304,69311.99000000,0.00393000,272.39612070,1711735014496,False,True
3521399305,69311.99000000,0.00203000,140.70333970,1711735014597,False,True
3521399306,69311.99000000,0.00154000,106.74046460,1711735014845,False,True
3521399307,69311.98000000,0.01021000,707.67531580,1711735014890,True,True
3521399308,69311.99000000,0.00144000,99.80926560,1711735014910,False,True
3521399309,69311.99000000,0.00191000,132.38590090,1711735015358,False,True
3521399310,69311.98000000,0.00303000,210.01529940,1711735015407,True,True
3521399311,69311.99000000,0.00289000,200.31165110,1711735015689,False,True
3521399312,69311.99000000,0.00147000,101.88862530,1711735016262,False,True
3521399313,69311.99000000,0.00390000,270.31676100,1711735016359,False,True
3521399314,69311.98000000,0.02314000,1603.87921720,1711735016484,True,True
3521399315,69311.99000000,0.00014000,9.70367860,1711735016502,False,True
3521399316,69311.99000000,0.00302000,209.32220980,1711735016565,False,True
3521399317,69311.99000000,0.00041000,28.41791590,1711735016743,False,True
3521399318,69311.98000000,0.00147000,101.88861060,1711735016989,True,True
3521399319,69311.99000000,0.00179000,124.06846210,1711735017388,False,True
3521399320,69311.99000000,0.00228000,158.03133720,1711735017714,False,True
3521399321,69311.99000000,0.00009000,6.23807910,1711735017887,False,True
3521399322,69311.98000000,0.00301000,208.62905980,1711735018313,True,True
3521399323,69311.99000000,0.00097000,67.23263030,1711735018637,False,True
3521399324,69311.99000000,0.00017000,11.78303830,1711735018989,False,True
3521399325,69311.99000000,0.00009000,6.23807910,1711735019273,False,True
3521399326,69311.99000000,0.00301000,208.62908990,1711735019280,False,True
3521399327,69311.99000000,0.00063000,43.66655370,1711735019315,False,True
3521399328,69311.98000000,0.00291000,201.69786180,1711735019345,True,True
3521399329,69311.98000000,0.00498000,345.17366040,1711735019350,True,True
3521399330,69311.98000000,0.00792000,548.95088160,1711735019361,True,True
3521399331,69311.98000000,0.00020000,13.86239600,1711735019413,True,True
3521399332,69311.98000000,0.00070000,48.51838600,1711735019493,True,True
3521399333,69311.99000000,0.01183000,819.96084170,1711735019715,False,True
3523541937,70385.07000000,0.00080000,56.30805600,1711899893314,True,True
3523541938,70385.07000000,0.00036000,25.33862520,1711899893585,True,True
3523541939,70385.07000000,0.00040000,28.15402800,1711899894503,True,True
3523541940,70385.08000000,0.00048000,33.78483840,1711899895079,False,True
3523541941,70385.07000000,0.00070000,49.26954900,1711899895240,True,True
3523541942,70385.08000000,0.00662000,465.94922960,1711899895241,False,True
3523541943,70385.08000000,0.00028000,19.70782240,1711899895290,False,True
3523541944,70385.07000000,0.00277000,194.96664390,1711899895290,True,True
3523541945,70385.07000000,0.05781000,4068.96089670,1711899895375,True,True
3523541946,70385.07000000,0.00076000,53.49265320,1711899895383,True,True
3523541947,70385.08000000,0.00008000,5.63080640,1711899895628,False,True
3523541948,70385.07000000,0.00057000,40.11948990,1711899895712,True,True
3523541949,70385.07000000,0.00035000,24.63477450,1711899895992,True,True
3523541950,70385.08000000,0.00521000,366.70626680,1711899896202,False,True
3523541951,70385.08000000,0.01664000,1171.20773120,1711899896576,False,True
3523541952,70385.08000000,0.00078000,54.90036240,1711899896745,False,True
3523541953,70385.08000000,0.00043000,30.26558440,1711899896811,False,True
3523541954,70385.08000000,0.01177000,828.43239160,1711899896875,False,True
3523541955,70385.08000000,0.00060000,42.23104800,1711899897739,False,True
3523541956,70385.08000000,0.00086000,60.53116880,1711899897739,False,True
3523541957,70385.08000000,0.00103000,72.49663240,1711899898489,False,True
3523541958,70385.08000000,0.00141000,99.24296280,1711899899522,False,True
3523541959,70385.07000000,0.00094000,66.16196580,1711899899903,True,True
3523541960,70385.07000000,0.00104000,73.20047280,1711899899970,True,True
3523541961,70385.07000000,0.00089000,62.64271230,1711899899975,True,True
3523541962,70385.08000000,0.00022000,15.48471760,1711899899976,False,True
3523541963,70385.08000000,0.00085000,59.82731800,1711899899978,False,True
3523541964,70385.07000000,0.00050000,35.19253500,1711899899979,True,True
3523541965,70385.07000000,0.00103000,72.49662210,1711899899979,True,True
3523541966,70385.07000000,0.00026000,18.30011820,1711899899980,True,True
3523541967,70385.08000000,0.00085000,59.82731800,1711899899984,False,True
3523541968,70385.08000000,0.00051000,35.89639080,1711899899986,False,True
3523541969,70385.08000000,0.00052000,36.60024160,1711899899991,False,True
3523541970,70385.07000000,0.00073000,51.38110110,1711899899993,True,True
3523541971,70385.08000000,0.00089000,62.64272120,1711899899993,False,True
3523541972,70385.07000000,0.00145000,102.05835150,1711899899993,True,True
3523541973,70385.08000000,0.00098000,68.97737840,1711899899994,False,True
3523541974,70385.07000000,0.00049000,34.48868430,1711899899994,True,True
3523541975,70385.08000000,0.00138000,97.13141040,1711899899994,False,True
3523541976,70385.07000000,0.00156000,109.80070920,1711899899996,True,True
3523541977,70385.07000000,0.00151000,106.28145570,1711899899996,True,True
3523541978,70385.07000000,0.00133000,93.61214310,1711899899997,True,True
3523541979,70385.07000000,0.00114000,80.23897980,1711899899998,True,True
3523541980,70385.08000000,0.00052000,36.60024160,1711899899998,False,True
3523541981,70385.07000000,0.00132000,92.90829240,1711899899998,True,True
3523541982,70385.07000000,0.00037000,26.04247590,1711899899998,True,True
3523541983,70385.07000000,0.00125000,87.98133750,1711899899999,True,True
3523541984,70385.08000000,0.00102000,71.79278160,1711899899999,False,True
3523541985,70385.08000000,0.00095000,66.86582600,1711899899999,False,True
3523541986,70385.08000000,0.00065000,45.75030200,1711899899999,False,True
3523541987,70385.07000000,0.00124000,87.27748680,1711899899999,True,True
3523541988,70385.08000000,0.00057000,40.11949560,1711899900000,False,True
3523541989,70385.08000000,0.00058000,40.82334640,1711899900000,False,True
3523541990,70385.08000000,0.00083000,58.41961640,1711899900001,False,True
3523541991,70385.07000000,0.00147000,103.46605290,1711899900004,True,True
3523541992,70385.07000000,0.00036000,25.33862520,1711899900006,True,True
3523541993,70385.07000000,0.00133000,93.61214310,1711899900012,True,True
3523541994,70385.08000000,0.00139000,97.83526120,1711899900015,False,True
3523541995,70385.08000000,0.00127000,89.38905160,1711899900018,False,True
3523541996,70385.08000000,0.00102000,71.79278160,1711899900019,False,True
3523541997,70385.08000000,0.00042000,29.56173360,1711899900019,False,True
3523541998,70385.08000000,0.00028000,19.70782240,1711899900019,False,True
3523541999,70385.08000000,0.00040000,28.15403200,1711899900020,False,True
3523542000,70385.07000000,0.00098000,68.97736860,1711899900020,True,True
3523542001,70385.08000000,0.00093000,65.45812440,1711899900021,False,True
3523542002,70385.08000000,0.09897000,6966.01136760,1711899900738,False,True
3523542003,70385.08000000,0.05011000,3526.99635880,1711899901012,False,True
3523542004,70385.08000000,0.00596000,419.49507680,1711899901294,False,True
3523542005,70385.08000000,0.00125000,87.98135000,1711899901492,False,True
3523542006,70385.08000000,0.00021000,14.78086680,1711899901577,False,True
3523542007,70385.08000000,0.00016000,11.26161280,1711899901815,False,True
3523542008,70385.08000000,0.09000000,6334.65720000,1711899902003,False,True
3523542009,70385.08000000,0.02274000,1600.55671920,1711899902003,False,True
3523542010,70385.08000000,0.10726000,7549.50368080,1711899902105,False,True
3523542011,70385.08000000,0.11852000,8342.03968160,1711899902105,False,True
3523542012,70385.08000000,0.09148000,6438.82711840,1711899902105,False,True
3523542013,70385.08000000,0.07063000,4971.29820040,1711899902105,False,True
3523542014,70385.08000000,0.07063000,4971.29820040,1711899902105,False,True
3523542015,70385.08000000,0.14203000,9996.79291240,1711899902105,False,True
3523542016,70385.08000000,0.05100000,3589.63908000,1711899902105,False,True
3523542017,70385.08000000,0.04000000,2815.40320000,1711899902105,False,True
3523542018,70385.08000000,0.00023000,16.18856840,1711899902105,False,True
3523542019,70385.08000000,0.00018000,12.66931440,1711899902105,False,True
3523542020,70385.08000000,0.00103000,72.49663240,1711899902105,False,True
3523542021,70385.12000000,0.02250000,1583.66520000,1711899902108,False,True
3523542022,70385.64000000,0.00009000,6.33470760,1711899902108,False,True
3523542023,70386.06000000,0.00009000,6.33474540,1711899902108,False,True
3523542024,70386.48000000,0.00009000,6.33478320,1711899902111,False,True
3523542025,70386.90000000,0.00009000,6.33482100,1711899902111,False,True
3523542026,70387.32000000,0.00009000,6.33485880,1711899902111,False,True
3523542027,70387.74000000,0.00009000,6.33489660,1711899902111,False,True
3523542028,70388.08000000,0.00100000,70.38808000,1711899902200,False,True
3523542029,70388.08000000,0.00200000,140.77616000,1711899902212,False,True
3523542030,70388.08000000,0.02057000,1447.88280560,1711899902247,False,True
3523542031,70388.08000000,0.00300000,211.16424000,1711899902272,False,True
3523542032,70388.08000000,0.00400000,281.55232000,1711899902280,False,True
3523542033,70388.08000000,0.00566000,398.39653280,1711899902299,False,True
3523542034,70388.08000000,0.03479000,2448.80130320,1711899902320,False,True
3523542035,70388.08000000,0.05859000,4124.03760720,1711899902320,False,True
3523542036,70388.08000000,0.04866000,3425.08397280,1711899902320,False,True
3523542037,70388.08000000,0.02197000,1546.42611760,1711899902322,False,True
3523542038,70388.16000000,0.00009000,6.33493440,1711899902322,False,True
3523542039,70388.58000000,0.00009000,6.33497220,1711899902322,False,True
3523542040,70389.00000000,0.00009000,6.33501000,1711899902322,False,True
3523542041,70389.42000000,0.00009000,6.33504780,1711899902322,False,True
3523542042,70389.84000000,0.00009000,6.33508560,1711899902322,False,True
3523542043,70390.26000000,0.00009000,6.33512340,1711899902322,False,True
3523542044,70390.68000000,0.00009000,6.33516120,1711899902322,False,True
3523542045,70391.10000000,0.00009000,6.33519900,1711899902322,False,True
3523542046,70391.52000000,0.00009000,6.33523680,1711899902322,False,True
3523542047,70391.94000000,0.00009000,6.33527460,1711899902322,False,True
3523542048,70392.00000000,0.00500000,351.96000000,1711899902388,False,True
3523542049,70391.99000000,0.00527000,370.96578730,1711899902475,True,True
3523542050,70391.99000000,0.00030000,21.11759700,1711899902946,True,True
3523542051,70392.00000000,0.00008000,5.63136000,1711899903965,False,True
3523542052,70392.00000000,0.00020000,14.07840000,1711899904089,False,True
3523542053,70391.99000000,0.00587000,413.20098130,1711899904208,True,True
3523542054,70391.99000000,0.00729000,513.15760710,1711899904208,True,True
3523542055,70392.00000000,0.00063000,44.34696000,1711899904212,False,True
3523542056,70392.00000000,0.00042000,29.56464000,1711899904341,False,True
3523542057,70391.99000000,0.00008000,5.63135920,1711899904418,True,True
3523542058,70391.99000000,0.00028000,19.70975720,1711899904921,True,True
3523542059,70392.00000000,0.00780000,549.05760000,1711899905022,False,True
3523542060,70392.00000000,0.01413000,994.63896000,1711899905022,False,True
3523542061,70392.00000000,0.30409000,21405.50328000,1711899905022,False,True
3523542062,70392.07000000,0.00312000,219.62325840,1711899905022,False,True
3523542063,70392.07000000,0.06789000,4778.91763230,1711899905023,False,True
3523542064,70392.11000000,0.00548000,385.74876280,1711899905023,False,True
3523542065,70392.11000000,0.00429000,301.98215190,1711899905023,False,True
3523542066,70392.11000000,0.00462000,325.21154820,1711899905023,False,True
3523542067,70392.11000000,0.02057000,1447.96570270,1711899905044,False,True
3523542068,70392.11000000,0.10000000,7039.21100000,1711899905047,False,True
3523542069,70392.11000000,0.14867000,10465.19499370,1711899905047,False,True
3523542070,70392.36000000,0.00009000,6.33531240,1711899905047,False,True
3523542071,70392.78000000,0.00009000,6.33535020,1711899905047,False,True
3523542072,70393.20000000,0.00009000,6.33538800,1711899905047,False,True
3523542073,70393.62000000,0.00009000,6.33542580,1711899905047,False,True
3523542074,70394.04000000,0.00009000,6.33546360,1711899905051,False,True
3523542075,70394.46000000,0.00009000,6.33550140,1711899905051,False,True
3523542076,70394.88000000,0.00009000,6.33553920,1711899905051,False,True
3523542077,70395.30000000,0.00009000,6.33557700,1711899905051,False,True
3523542078,70395.72000000,0.00009000,6.33561480,1711899905051,False,True
3523542079,70396.14000000,0.00009000,6.33565260,1711899905056,False,True
3523542080,70396.26000000,0.00356000,250.61068560,1711899905056,False,True
3523542081,70396.26000000,0.00207000,145.72025820,1711899905065,False,True
3523542082,70396.44000000,0.00008000,5.63171520,1711899905072,False,True
3523542083,70396.56000000,0.00009000,6.33569040,1711899905080,False,True
3523542084,70396.95000000,0.00036000,25.34290200,1711899905080,False,True
3523542085,70396.98000000,0.00009000,6.33572820,1711899905080,False,True
3523542086,70397.40000000,0.00009000,6.33576600,1711899905080,False,True
3523542087,70397.82000000,0.00009000,6.33580380,1711899905080,False,True
3523542088,70398.00000000,0.02766000,1947.20868000,1711899905080,False,True
3523542089,70398.13000000,0.00030000,21.11943900,1711899905096,False,True
3523542090,70398.13000000,0.00030000,21.11943900,1711899905096,False,True
3523542091,70398.15000000,0.00030000,21.11944500,1711899905096,False,True
3523542092,70398.15000000,0.00030000,21.11944500,1711899905096,False,True
3523542093,70398.20000000,0.00030000,21.11946000,1711899905096,False,True
3523542094,70398.20000000,0.00030000,21.11946000,1711899905096,False,True
3523542095,70398.22000000,0.00030000,21.11946600,1711899905096,False,True
3523542096,70398.22000000,0.00030000,21.11946600,1711899905096,False,True
3523542097,70398.24000000,0.00009000,6.33584160,1711899905096,False,True
3523542098,70398.27000000,0.00030000,21.11948100,1711899905096,False,True
3523542099,70398.27000000,0.00030000,21.11948100,1711899905096,False,True
3523542100,70398.29000000,0.00030000,21.11948700,1711899905096,False,True
3523542101,70398.29000000,0.00030000,21.11948700,1711899905096,False,True
3523542102,70398.34000000,0.00030000,21.11950200,1711899905096,False,True
3523542103,70398.34000000,0.00030000,21.11950200,1711899905096,False,True
3523542104,70398.36000000,0.00030000,21.11950800,1711899905096,False,True
3523542105,70398.36000000,0.00030000,21.11950800,1711899905096,False,True
3523542106,70398.41000000,0.00030000,21.11952300,1711899905096,False,True
3523542107,70398.41000000,0.00030000,21.11952300,1711899905096,False,True
3523542108,70398.43000000,0.00137000,96.44584910,1711899905096,False,True
3523542109,70398.43000000,0.00030000,21.11952900,1711899905096,False,True
3523542110,70398.43000000,0.00030000,21.11952900,1711899905096,False,True
3523542111,70398.48000000,0.00030000,21.11954400,1711899905096,False,True
3523542112,70398.48000000,0.00030000,21.11954400,1711899905096,False,True
3523542113,70398.50000000,0.00030000,21.11955000,1711899905096,False,True
3523542114,70398.50000000,0.00030000,21.11955000,1711899905096,False,True
3523542115,70398.55000000,0.00030000,21.11956500,1711899905106,False,True
3523542116,70398.55000000,0.00030000,21.11956500,1711899905106,False,True
3523542117,70398.56000000,0.00030000,21.11956800,1711899905112,False,True
3523542118,70398.57000000,0.00030000,21.11957100,1711899905116,False,True
3523542119,70398.57000000,0.00030000,21.11957100,1711899905116,False,True
3523542120,70398.62000000,0.00030000,21.11958600,1711899905130,False,True
3523542121,70398.62000000,0.00030000,21.11958600,1711899905130,False,True
3523542122,70398.63000000,0.00030000,21.11958900,1711899905130,False,True
3523542123,70398.64000000,0.00030000,21.11959200,1711899905130,False,True
3523542124,70398.64000000,0.00030000,21.11959200,1711899905130,False,True
3523542125,70398.66000000,0.00009000,6.33587940,1711899905130,False,True
3523542126,70398.68000000,0.00008000,5.63189440,1711899905130,False,True
3523542127,70398.69000000,0.00030000,21.11960700,1711899905130,False,True
3523542128,70398.69000000,0.00030000,21.11960700,1711899905130,False,True
3523542129,70398.70000000,0.00030000,21.11961000,1711899905130,False,True
3523542130,70398.71000000,0.00030000,21.11961300,1711899905130,False,True
3523542131,70398.71000000,0.00030000,21.11961300,1711899905130,False,True
3523542132,70398.76000000,0.00030000,21.11962800,1711899905130,False,True
3523542133,70398.76000000,0.00030000,21.11962800,1711899905130,False,True
3523542134,70398.77000000,0.00030000,21.11963100,1711899905130,False,True
3523542135,70398.78000000,0.00030000,21.11963400,1711899905130,False,True
3523542136,70398.78000000,0.00030000,21.11963400,1711899905130,False,True
3523542137,70398.81000000,0.01100000,774.38691000,1711899905130,False,True
3523542138,70398.83000000,0.00030000,21.11964900,1711899905130,False,True
3523542139,70398.83000000,0.00030000,21.11964900,1711899905130,False,True
3523542140,70398.84000000,0.00030000,21.11965200,1711899905130,False,True
3523542141,70398.85000000,0.00030000,21.11965500,1711899905130,False,True
3523542142,70398.85000000,0.00030000,21.11965500,1711899905130,False,True
3523542143,70398.90000000,0.00030000,21.11967000,1711899905130,False,True
3523542144,70398.90000000,0.00030000,21.11967000,1711899905130,False,True
3523542145,70398.91000000,0.00030000,21.11967300,1711899905130,False,True
3523542146,70398.92000000,0.00030000,21.11967600,1711899905130,False,True
3523542147,70398.92000000,0.00030000,21.11967600,1711899905130,False,True
3523542148,70398.97000000,0.00030000,21.11969100,1711899905130,False,True
3523542149,70398.97000000,0.00030000,21.11969100,1711899905130,False,True
3523542150,70398.98000000,0.00030000,21.11969400,1711899905130,False,True
3523542151,70398.99000000,0.00030000,21.11969700,1711899905130,False,True
3523542152,70398.99000000,0.00030000,21.11969700,1711899905130,False,True
3523542153,70399.04000000,0.00030000,21.11971200,1711899905130,False,True
3523542154,70399.04000000,0.00030000,21.11971200,1711899905130,False,True
3523542155,70399.05000000,0.00030000,21.11971500,1711899905130,False,True
3523542156,70399.06000000,0.00030000,21.11971800,1711899905130,False,True
3523542157,70399.06000000,0.00030000,21.11971800,1711899905130,False,True
3523542158,70399.08000000,0.00009000,6.33591720,1711899905130,False,True
3523542159,70399.11000000,0.00030000,21.11973300,1711899905130,False,True
3523542160,70399.11000000,0.00030000,21.11973300,1711899905130,False,True
3523542161,70399.12000000,0.00030000,21.11973600,1711899905130,False,True
3523542162,70399.13000000,0.00030000,21.11973900,1711899905130,False,True
3523542163,70399.13000000,0.00030000,21.11973900,1711899905130,False,True
3523542164,70399.18000000,0.00030000,21.11975400,1711899905130,False,True
3523542165,70399.18000000,0.00030000,21.11975400,1711899905130,False,True
3523542166,70399.19000000,0.00030000,21.11975700,1711899905130,False,True
3523542167,70399.20000000,0.00030000,21.11976000,1711899905130,False,True
3523542168,70399.20000000,0.00030000,21.11976000,1711899905130,False,True
3523542169,70399.25000000,0.00030000,21.11977500,1711899905130,False,True
3523542170,70399.25000000,0.00030000,21.11977500,1711899905130,False,True
3523542171,70399.26000000,0.00030000,21.11977800,1711899905130,False,True
3523542172,70399.27000000,0.00030000,21.11978100,1711899905130,False,True
3523542173,70399.27000000,0.00030000,21.11978100,1711899905130,False,True
3523542174,70399.32000000,0.00030000,21.11979600,1711899905130,False,True
3523542175,70399.32000000,0.00030000,21.11979600,1711899905130,False,True
3523542176,70399.33000000,0.00030000,21.11979900,1711899905130,False,True
3523542177,70399.34000000,0.00030000,21.11980200,1711899905130,False,True
3523542178,70399.34000000,0.00030000,21.11980200,1711899905130,False,True
3523542179,70399.39000000,0.00030000,21.11981700,1711899905130,False,True
3523542180,70399.39000000,0.00030000,21.11981700,1711899905130,False,True
3523542181,70399.40000000,0.00030000,21.11982000,1711899905130,False,True
3523542182,70399.41000000,0.00030000,21.11982300,1711899905130,False,True
3523542183,70399.41000000,0.00030000,21.11982300,1711899905130,False,True
3523542184,70399.46000000,0.00030000,21.11983800,1711899905130,False,True
3523542185,70399.46000000,0.00030000,21.11983800,1711899905130,False,True
3523542186,70399.47000000,0.00030000,21.11984100,1711899905130,False,True
3523542187,70399.48000000,0.00030000,21.11984400,1711899905130,False,True
3523542188,70399.48000000,0.00030000,21.11984400,1711899905130,False,True
3523542189,70399.50000000,0.00009000,6.33595500,1711899905130,False,True
3523542190,70399.53000000,0.00030000,21.11985900,1711899905130,False,True
3523542191,70399.53000000,0.00030000,21.11985900,1711899905130,False,True
3523542192,70399.54000000,0.00030000,21.11986200,1711899905130,False,True
3523542193,70399.55000000,0.00030000,21.11986500,1711899905130,False,True
3523542194,70399.55000000,0.00030000,21.11986500,1711899905130,False,True
3523542195,70399.60000000,0.00030000,21.11988000,1711899905130,False,True
3523542196,70399.60000000,0.00030000,21.11988000,1711899905130,False,True
3523542197,70399.61000000,0.00030000,21.11988300,1711899905130,False,True
3523542198,70399.62000000,0.00030000,21.11988600,1711899905130,False,True
3523542199,70399.62000000,0.00030000,21.11988600,1711899905130,False,True
3523542200,70399.67000000,0.00030000,21.11990100,1711899905130,False,True
3523542201,70399.67000000,0.00030000,21.11990100,1711899905130,False,True
3523542202,70399.68000000,0.00030000,21.11990400,1711899905130,False,True
3523542203,70399.69000000,0.00030000,21.11990700,1711899905130,False,True
3523542204,70399.69000000,0.00030000,21.11990700,1711899905130,False,True
3523542205,70399.74000000,0.00030000,21.11992200,1711899905130,False,True
3523542206,70399.74000000,0.00030000,21.11992200,1711899905130,False,True
3523542207,70399.75000000,0.00030000,21.11992500,1711899905130,False,True
3523542208,70399.76000000,0.00030000,21.11992800,1711899905130,False,True
3523542209,70399.76000000,0.00030000,21.11992800,1711899905130,False,True
3523542210,70399.81000000,0.00030000,21.11994300,1711899905130,False,True
3523542211,70399.81000000,0.00030000,21.11994300,1711899905130,False,True
3523542212,70399.82000000,0.00030000,21.11994600,1711899905130,False,True
3523542213,70399.83000000,0.00030000,21.11994900,1711899905130,False,True
3523542214,70399.83000000,0.00030000,21.11994900,1711899905130,False,True
3523542215,70399.84000000,0.00015000,10.55997600,1711899905130,False,True
3523542216,70399.88000000,0.00030000,21.11996400,1711899905130,False,True
3523542217,70399.88000000,0.00030000,21.11996400,1711899905130,False,True
3523542218,70399.89000000,0.00030000,21.11996700,1711899905130,False,True
3523542219,70399.90000000,0.00030000,21.11997000,1711899905130,False,True
3523542220,70399.90000000,0.00030000,21.11997000,1711899905130,False,True
3523542221,70399.92000000,0.00009000,6.33599280,1711899905130,False,True
3523542222,70399.95000000,0.00030000,21.11998500,1711899905130,False,True
3523542223,70399.95000000,0.00030000,21.11998500,1711899905130,False,True
3523542224,70399.96000000,0.00030000,21.11998800,1711899905130,False,True
3523542225,70399.97000000,0.00030000,21.11999100,1711899905130,False,True
3523542226,70399.97000000,0.00030000,21.11999100,1711899905130,False,True
3523542227,70400.00000000,0.00057000,40.12800000,1711899905144,False,True
3523542228,70400.00000000,0.02261000,1591.74400000,1711899905144,False,True
3523542229,70400.02000000,0.00030000,21.12000600,1711899905160,False,True
3523542230,70400.02000000,0.00030000,21.12000600,1711899905160,False,True
3523542231,70400.03000000,0.00030000,21.12000900,1711899905160,False,True
3523542232,70400.04000000,0.00030000,21.12001200,1711899905160,False,True
3523542233,70400.04000000,0.00030000,21.12001200,1711899905160,False,True
3523542234,70400.09000000,0.00030000,21.12002700,1711899905160,False,True
3523542235,70400.09000000,0.00030000,21.12002700,1711899905160,False,True
3523542236,70400.10000000,0.00030000,21.12003000,1711899905160,False,True
3523542237,70400.11000000,0.00030000,21.12003300,1711899905160,False,True
3523542238,70400.11000000,0.00030000,21.12003300,1711899905160,False,True
3523542239,70400.16000000,0.00030000,21.12004800,1711899905160,False,True
3523542240,70400.16000000,0.00030000,21.12004800,1711899905160,False,True
3523542241,70400.17000000,0.00030000,21.12005100,1711899905160,False,True
3523542242,70400.18000000,0.00030000,21.12005400,1711899905160,False,True
3523542243,70400.18000000,0.00030000,21.12005400,1711899905160,False,True
3523542244,70400.23000000,0.00030000,21.12006900,1711899905160,False,True
3523542245,70400.23000000,0.00030000,21.12006900,1711899905160,False,True
3523542246,70400.24000000,0.00030000,21.12007200,1711899905160,False,True
3523542247,70400.25000000,0.00030000,21.12007500,1711899905160,False,True
3523542248,70400.25000000,0.00030000,21.12007500,1711899905160,False,True
3523542249,70400.30000000,0.00043000,30.27212900,1711899905160,False,True
3523542250,70400.30000000,0.00030000,21.12009000,1711899905160,False,True
3523542251,70400.30000000,0.00030000,21.12009000,1711899905160,False,True
3523542252,70400.31000000,0.00030000,21.12009300,1711899905160,False,True
3523542253,70400.32000000,0.00030000,21.12009600,1711899905160,False,True
3523542254,70400.32000000,0.00030000,21.12009600,1711899905160,False,True
3523542255,70400.34000000,0.00009000,6.33603060,1711899905160,False,True
3523542256,70400.37000000,0.00030000,21.12011100,1711899905160,False,True
3523542257,70400.37000000,0.00030000,21.12011100,1711899905160,False,True
3523542258,70400.38000000,0.00030000,21.12011400,1711899905160,False,True
3523542259,70400.39000000,0.00030000,21.12011700,1711899905160,False,True
3523542260,70400.39000000,0.00030000,21.12011700,1711899905160,False,True
3523542261,70400.44000000,0.00030000,21.12013200,1711899905160,False,True
3523542262,70400.44000000,0.00030000,21.12013200,1711899905160,False,True
3523542263,70400.45000000,0.00030000,21.12013500,1711899905160,False,True
3523542264,70400.46000000,0.00030000,21.12013800,1711899905160,False,True
3523542265,70400.46000000,0.00030000,21.12013800,1711899905160,False,True
3523542266,70400.51000000,0.00030000,21.12015300,1711899905300,False,True
3523542267,70400.51000000,0.00030000,21.12015300,1711899905300,False,True
3523542268,70400.51000000,0.02553000,1797.32502030,1711899905300,False,True
3523542269,70400.52000000,0.00030000,21.12015600,1711899905305,False,True
3523542270,70400.53000000,0.00030000,21.12015900,1711899905305,False,True
3523542271,70400.53000000,0.00030000,21.12015900,1711899905305,False,True
3523542272,70400.58000000,0.00030000,21.12017400,1711899905305,False,True
3523542273,70400.58000000,0.00030000,21.12017400,1711899905305,False,True
3523542274,70400.59000000,0.00030000,21.12017700,1711899905305,False,True
3523542275,70400.60000000,0.00030000,21.12018000,1711899905305,False,True
3523542276,70400.60000000,0.00030000,21.12018000,1711899905305,False,True
3523542277,70400.65000000,0.00030000,21.12019500,1711899905305,False,True
3523542278,70400.65000000,0.00030000,21.12019500,1711899905305,False,True
3523542279,70400.66000000,0.00030000,21.12019800,1711899905305,False,True
3523542280,70400.67000000,0.00030000,21.12020100,1711899905305,False,True
3523542281,70400.67000000,0.00030000,21.12020100,1711899905305,False,True
3523542282,70400.72000000,0.00030000,21.12021600,1711899905305,False,True
3523542283,70400.72000000,0.00030000,21.12021600,1711899905305,False,True
3523542284,70400.73000000,0.00030000,21.12021900,1711899905305,False,True
